%YAML 1.1
%TAG !u! tag:unity3d.com,2011:
--- !u!29 &1
SceneSettings:
  m_ObjectHideFlags: 0
  m_PVSData: 
  m_PVSObjectsArray: []
  m_PVSPortalsArray: []
  m_OcclusionBakeSettings:
    smallestOccluder: 5
    smallestHole: 0.25
    backfaceThreshold: 100
--- !u!104 &2
RenderSettings:
  m_ObjectHideFlags: 0
  serializedVersion: 7
  m_Fog: 0
  m_FogColor: {r: 0.5, g: 0.5, b: 0.5, a: 1}
  m_FogMode: 3
  m_FogDensity: 0.01
  m_LinearFogStart: 0
  m_LinearFogEnd: 300
  m_AmbientSkyColor: {r: 0.212, g: 0.227, b: 0.259, a: 1}
  m_AmbientEquatorColor: {r: 0.114, g: 0.125, b: 0.133, a: 1}
  m_AmbientGroundColor: {r: 0.047, g: 0.043, b: 0.035, a: 1}
  m_AmbientIntensity: 1
  m_AmbientMode: 0
  m_SkyboxMaterial: {fileID: 10304, guid: 0000000000000000f000000000000000, type: 0}
  m_HaloStrength: 0.5
  m_FlareStrength: 1
  m_FlareFadeSpeed: 3
  m_HaloTexture: {fileID: 0}
  m_SpotCookie: {fileID: 10001, guid: 0000000000000000e000000000000000, type: 0}
  m_DefaultReflectionMode: 0
  m_DefaultReflectionResolution: 128
  m_ReflectionBounces: 1
  m_ReflectionIntensity: 1
  m_CustomReflection: {fileID: 0}
  m_Sun: {fileID: 0}
  m_IndirectSpecularColor: {r: 0.44692558, g: 0.49678725, b: 0.575086, a: 1}
--- !u!157 &3
LightmapSettings:
  m_ObjectHideFlags: 0
  serializedVersion: 7
  m_GIWorkflowMode: 0
  m_GISettings:
    serializedVersion: 2
    m_BounceScale: 1
    m_IndirectOutputScale: 1
    m_AlbedoBoost: 1
    m_TemporalCoherenceThreshold: 1
    m_EnvironmentLightingMode: 0
    m_EnableBakedLightmaps: 1
    m_EnableRealtimeLightmaps: 1
  m_LightmapEditorSettings:
    serializedVersion: 4
    m_Resolution: 2
    m_BakeResolution: 40
    m_TextureWidth: 1024
    m_TextureHeight: 1024
    m_AO: 0
    m_AOMaxDistance: 1
    m_CompAOExponent: 1
    m_CompAOExponentDirect: 0
    m_Padding: 2
    m_LightmapParameters: {fileID: 0}
    m_LightmapsBakeMode: 1
    m_TextureCompression: 1
    m_DirectLightInLightProbes: 1
    m_FinalGather: 0
    m_FinalGatherFiltering: 1
    m_FinalGatherRayCount: 256
    m_ReflectionCompression: 2
  m_LightingDataAsset: {fileID: 112000001, guid: 634281cf00c3e164cb0594b178e8c9af,
    type: 2}
  m_RuntimeCPUUsage: 25
--- !u!196 &4
NavMeshSettings:
  serializedVersion: 2
  m_ObjectHideFlags: 0
  m_BuildSettings:
    serializedVersion: 2
    agentRadius: 0.5
    agentHeight: 2
    agentSlope: 45
    agentClimb: 0.4
    ledgeDropHeight: 0
    maxJumpAcrossDistance: 0
    accuratePlacement: 0
    minRegionArea: 2
    cellSize: 0.16666667
    manualCellSize: 0
  m_NavMeshData: {fileID: 0}
--- !u!1001 &73901349
Prefab:
  m_ObjectHideFlags: 0
  serializedVersion: 2
  m_Modification:
    m_TransformParent: {fileID: 334026899}
    m_Modifications:
    - target: {fileID: 4000012563459444, guid: f4bd1f890d7f5c14e9d7c8111f5b8fca, type: 2}
      propertyPath: m_LocalPosition.x
      value: 4
      objectReference: {fileID: 0}
    - target: {fileID: 4000012563459444, guid: f4bd1f890d7f5c14e9d7c8111f5b8fca, type: 2}
      propertyPath: m_LocalPosition.y
      value: 0
      objectReference: {fileID: 0}
    - target: {fileID: 4000012563459444, guid: f4bd1f890d7f5c14e9d7c8111f5b8fca, type: 2}
      propertyPath: m_LocalPosition.z
      value: 0
      objectReference: {fileID: 0}
    - target: {fileID: 4000012563459444, guid: f4bd1f890d7f5c14e9d7c8111f5b8fca, type: 2}
      propertyPath: m_LocalRotation.x
      value: -0
      objectReference: {fileID: 0}
    - target: {fileID: 4000012563459444, guid: f4bd1f890d7f5c14e9d7c8111f5b8fca, type: 2}
      propertyPath: m_LocalRotation.y
      value: -0
      objectReference: {fileID: 0}
    - target: {fileID: 4000012563459444, guid: f4bd1f890d7f5c14e9d7c8111f5b8fca, type: 2}
      propertyPath: m_LocalRotation.z
      value: -0
      objectReference: {fileID: 0}
    - target: {fileID: 4000012563459444, guid: f4bd1f890d7f5c14e9d7c8111f5b8fca, type: 2}
      propertyPath: m_LocalRotation.w
      value: 1
      objectReference: {fileID: 0}
    - target: {fileID: 4000012563459444, guid: f4bd1f890d7f5c14e9d7c8111f5b8fca, type: 2}
      propertyPath: m_RootOrder
      value: 10
      objectReference: {fileID: 0}
    m_RemovedComponents: []
  m_ParentPrefab: {fileID: 100100000, guid: f4bd1f890d7f5c14e9d7c8111f5b8fca, type: 2}
  m_IsPrefabParent: 0
--- !u!1001 &216181165
Prefab:
  m_ObjectHideFlags: 0
  serializedVersion: 2
  m_Modification:
    m_TransformParent: {fileID: 0}
    m_Modifications:
    - target: {fileID: 4000012935469098, guid: 221a5b6030730764691d06220628cb9c, type: 2}
      propertyPath: m_LocalPosition.x
      value: 0
      objectReference: {fileID: 0}
    - target: {fileID: 4000012935469098, guid: 221a5b6030730764691d06220628cb9c, type: 2}
      propertyPath: m_LocalPosition.y
      value: 0
      objectReference: {fileID: 0}
    - target: {fileID: 4000012935469098, guid: 221a5b6030730764691d06220628cb9c, type: 2}
      propertyPath: m_LocalPosition.z
      value: 0
      objectReference: {fileID: 0}
    - target: {fileID: 4000012935469098, guid: 221a5b6030730764691d06220628cb9c, type: 2}
      propertyPath: m_LocalRotation.x
      value: -0
      objectReference: {fileID: 0}
    - target: {fileID: 4000012935469098, guid: 221a5b6030730764691d06220628cb9c, type: 2}
      propertyPath: m_LocalRotation.y
      value: -0
      objectReference: {fileID: 0}
    - target: {fileID: 4000012935469098, guid: 221a5b6030730764691d06220628cb9c, type: 2}
      propertyPath: m_LocalRotation.z
      value: -0
      objectReference: {fileID: 0}
    - target: {fileID: 4000012935469098, guid: 221a5b6030730764691d06220628cb9c, type: 2}
      propertyPath: m_LocalRotation.w
      value: 1
      objectReference: {fileID: 0}
    - target: {fileID: 4000012935469098, guid: 221a5b6030730764691d06220628cb9c, type: 2}
      propertyPath: m_RootOrder
      value: 6
      objectReference: {fileID: 0}
    m_RemovedComponents: []
  m_ParentPrefab: {fileID: 100100000, guid: 221a5b6030730764691d06220628cb9c, type: 2}
  m_IsPrefabParent: 0
--- !u!1 &216705993
GameObject:
  m_ObjectHideFlags: 0
  m_PrefabParentObject: {fileID: 0}
  m_PrefabInternal: {fileID: 0}
  serializedVersion: 4
  m_Component:
  - 4: {fileID: 216705995}
  - 108: {fileID: 216705994}
  m_Layer: 0
  m_Name: Directional Light
  m_TagString: Untagged
  m_Icon: {fileID: 0}
  m_NavMeshLayer: 0
  m_StaticEditorFlags: 0
  m_IsActive: 1
--- !u!108 &216705994
Light:
  m_ObjectHideFlags: 0
  m_PrefabParentObject: {fileID: 0}
  m_PrefabInternal: {fileID: 0}
  m_GameObject: {fileID: 216705993}
  m_Enabled: 1
  serializedVersion: 7
  m_Type: 1
  m_Color: {r: 1, g: 0.95686275, b: 0.8392157, a: 1}
  m_Intensity: 1
  m_Range: 10
  m_SpotAngle: 30
  m_CookieSize: 10
  m_Shadows:
    m_Type: 2
    m_Resolution: -1
    m_CustomResolution: -1
    m_Strength: 1
    m_Bias: 0.05
    m_NormalBias: 0.4
    m_NearPlane: 0.2
  m_Cookie: {fileID: 0}
  m_DrawHalo: 0
  m_Flare: {fileID: 0}
  m_RenderMode: 0
  m_CullingMask:
    serializedVersion: 2
    m_Bits: 4294967295
  m_Lightmapping: 4
  m_AreaSize: {x: 1, y: 1}
  m_BounceIntensity: 1
  m_ShadowRadius: 0
  m_ShadowAngle: 0
--- !u!4 &216705995
Transform:
  m_ObjectHideFlags: 0
  m_PrefabParentObject: {fileID: 0}
  m_PrefabInternal: {fileID: 0}
  m_GameObject: {fileID: 216705993}
  m_LocalRotation: {x: 0.40821788, y: 0.23456976, z: -0.10938167, w: 0.8754261}
  m_LocalPosition: {x: 0, y: 3, z: 0}
  m_LocalScale: {x: 1, y: 1, z: 1}
  m_LocalEulerAnglesHint: {x: 50, y: 30, z: 0}
  m_Children: []
  m_Father: {fileID: 0}
  m_RootOrder: 0
--- !u!1 &230929383
GameObject:
  m_ObjectHideFlags: 0
  m_PrefabParentObject: {fileID: 1000010325191978, guid: 6655ef8495a4123418b1ceedd30cbf04,
    type: 2}
  m_PrefabInternal: {fileID: 0}
  serializedVersion: 4
  m_Component:
  - 224: {fileID: 230929384}
  - 222: {fileID: 230929386}
  - 114: {fileID: 230929385}
  m_Layer: 5
  m_Name: Image
  m_TagString: Untagged
  m_Icon: {fileID: 0}
  m_NavMeshLayer: 0
  m_StaticEditorFlags: 0
  m_IsActive: 1
--- !u!224 &230929384
RectTransform:
  m_ObjectHideFlags: 0
  m_PrefabParentObject: {fileID: 224000013965788780, guid: 6655ef8495a4123418b1ceedd30cbf04,
    type: 2}
  m_PrefabInternal: {fileID: 0}
  m_GameObject: {fileID: 230929383}
  m_LocalRotation: {x: 0, y: 0, z: 0, w: 1}
  m_LocalPosition: {x: 0, y: 0, z: 0}
  m_LocalScale: {x: 1, y: 1, z: 1}
  m_LocalEulerAnglesHint: {x: 0, y: 0, z: 0}
  m_Children: []
  m_Father: {fileID: 760166709}
  m_RootOrder: 0
  m_AnchorMin: {x: 0.5, y: 0.5}
  m_AnchorMax: {x: 0.5, y: 0.5}
  m_AnchoredPosition: {x: 0, y: 0}
  m_SizeDelta: {x: 50, y: 50}
  m_Pivot: {x: 0.5, y: 0.5}
--- !u!114 &230929385
MonoBehaviour:
  m_ObjectHideFlags: 0
  m_PrefabParentObject: {fileID: 114000011329706930, guid: 6655ef8495a4123418b1ceedd30cbf04,
    type: 2}
  m_PrefabInternal: {fileID: 0}
  m_GameObject: {fileID: 230929383}
  m_Enabled: 1
  m_EditorHideFlags: 0
  m_Script: {fileID: -765806418, guid: f5f67c52d1564df4a8936ccd202a3bd8, type: 3}
  m_Name: 
  m_EditorClassIdentifier: 
  m_Material: {fileID: 0}
  m_Color: {r: 1, g: 1, b: 1, a: 1}
  m_RaycastTarget: 1
  m_OnCullStateChanged:
    m_PersistentCalls:
      m_Calls: []
    m_TypeName: UnityEngine.UI.MaskableGraphic+CullStateChangedEvent, UnityEngine.UI,
      Version=1.0.0.0, Culture=neutral, PublicKeyToken=null
  m_Sprite: {fileID: 21300000, guid: 8cdc662912915cf4f93cc38198fe0707, type: 3}
  m_Type: 0
  m_PreserveAspect: 0
  m_FillCenter: 1
  m_FillMethod: 4
  m_FillAmount: 1
  m_FillClockwise: 1
  m_FillOrigin: 0
--- !u!222 &230929386
CanvasRenderer:
  m_ObjectHideFlags: 0
  m_PrefabParentObject: {fileID: 222000013539097430, guid: 6655ef8495a4123418b1ceedd30cbf04,
    type: 2}
  m_PrefabInternal: {fileID: 0}
  m_GameObject: {fileID: 230929383}
--- !u!1 &334026898
GameObject:
  m_ObjectHideFlags: 0
  m_PrefabParentObject: {fileID: 0}
  m_PrefabInternal: {fileID: 0}
  serializedVersion: 4
  m_Component:
  - 4: {fileID: 334026899}
  m_Layer: 0
  m_Name: Grid
  m_TagString: Untagged
  m_Icon: {fileID: 0}
  m_NavMeshLayer: 0
  m_StaticEditorFlags: 0
  m_IsActive: 1
--- !u!4 &334026899
Transform:
  m_ObjectHideFlags: 0
  m_PrefabParentObject: {fileID: 0}
  m_PrefabInternal: {fileID: 0}
  m_GameObject: {fileID: 334026898}
  m_LocalRotation: {x: -0, y: -0, z: -0, w: 1}
  m_LocalPosition: {x: 0, y: 0, z: 0}
  m_LocalScale: {x: 1, y: 1, z: 1}
  m_LocalEulerAnglesHint: {x: 0, y: 0, z: 0}
  m_Children:
  - {fileID: 1084682409}
  - {fileID: 1252224981}
  - {fileID: 497858887}
  - {fileID: 2085649698}
  - {fileID: 1892193825}
  - {fileID: 1118115630}
  - {fileID: 1780928118}
  - {fileID: 1542180880}
  - {fileID: 1059963957}
  - {fileID: 778656128}
  - {fileID: 1319998894}
  - {fileID: 1398915743}
  - {fileID: 936967999}
  m_Father: {fileID: 0}
  m_RootOrder: 4
--- !u!1001 &390968465
Prefab:
  m_ObjectHideFlags: 0
  serializedVersion: 2
  m_Modification:
    m_TransformParent: {fileID: 0}
    m_Modifications:
    - target: {fileID: 4000012980382828, guid: 3d3de2da68164904d8335055f6a0aed4, type: 2}
      propertyPath: m_LocalPosition.x
      value: 0
      objectReference: {fileID: 0}
    - target: {fileID: 4000012980382828, guid: 3d3de2da68164904d8335055f6a0aed4, type: 2}
      propertyPath: m_LocalPosition.y
      value: 0
      objectReference: {fileID: 0}
    - target: {fileID: 4000012980382828, guid: 3d3de2da68164904d8335055f6a0aed4, type: 2}
      propertyPath: m_LocalPosition.z
      value: 0
      objectReference: {fileID: 0}
    - target: {fileID: 4000012980382828, guid: 3d3de2da68164904d8335055f6a0aed4, type: 2}
      propertyPath: m_LocalRotation.x
      value: 0.23911765
      objectReference: {fileID: 0}
    - target: {fileID: 4000012980382828, guid: 3d3de2da68164904d8335055f6a0aed4, type: 2}
      propertyPath: m_LocalRotation.y
      value: 0.3696438
      objectReference: {fileID: 0}
    - target: {fileID: 4000012980382828, guid: 3d3de2da68164904d8335055f6a0aed4, type: 2}
      propertyPath: m_LocalRotation.z
      value: -0.09904577
      objectReference: {fileID: 0}
    - target: {fileID: 4000012980382828, guid: 3d3de2da68164904d8335055f6a0aed4, type: 2}
      propertyPath: m_LocalRotation.w
      value: 0.89239913
      objectReference: {fileID: 0}
    - target: {fileID: 4000012980382828, guid: 3d3de2da68164904d8335055f6a0aed4, type: 2}
      propertyPath: m_RootOrder
      value: 1
      objectReference: {fileID: 0}
    - target: {fileID: 114000013677863914, guid: 3d3de2da68164904d8335055f6a0aed4,
        type: 2}
      propertyPath: gridObject
      value: 
      objectReference: {fileID: 334026898}
    - target: {fileID: 114000013677863914, guid: 3d3de2da68164904d8335055f6a0aed4,
        type: 2}
      propertyPath: energyBar
      value: 
      objectReference: {fileID: 758323734}
    - target: {fileID: 114000013677863914, guid: 3d3de2da68164904d8335055f6a0aed4,
        type: 2}
      propertyPath: selectionTiles.Array.data[0]
      value: 
      objectReference: {fileID: 1125722300}
    - target: {fileID: 114000013677863914, guid: 3d3de2da68164904d8335055f6a0aed4,
        type: 2}
      propertyPath: selectionTiles.Array.data[1]
      value: 
      objectReference: {fileID: 760166708}
    - target: {fileID: 114000013677863914, guid: 3d3de2da68164904d8335055f6a0aed4,
        type: 2}
      propertyPath: selectionTiles.Array.data[2]
      value: 
      objectReference: {fileID: 0}
    - target: {fileID: 114000013677863914, guid: 3d3de2da68164904d8335055f6a0aed4,
        type: 2}
      propertyPath: selectionTiles.Array.data[3]
      value: 
      objectReference: {fileID: 0}
    - target: {fileID: 114000013677863914, guid: 3d3de2da68164904d8335055f6a0aed4,
        type: 2}
      propertyPath: selectionTiles.Array.data[4]
      value: 
      objectReference: {fileID: 0}
    - target: {fileID: 114000013677863914, guid: 3d3de2da68164904d8335055f6a0aed4,
        type: 2}
      propertyPath: actionButtonText
      value: 
      objectReference: {fileID: 758323736}
    - target: {fileID: 114000013677863914, guid: 3d3de2da68164904d8335055f6a0aed4,
        type: 2}
      propertyPath: maxEnergy
      value: 25
      objectReference: {fileID: 0}
    - target: {fileID: 114000013677863914, guid: 3d3de2da68164904d8335055f6a0aed4,
        type: 2}
      propertyPath: startEnergy
      value: 3
      objectReference: {fileID: 0}
    - target: {fileID: 114000013677863914, guid: 3d3de2da68164904d8335055f6a0aed4,
        type: 2}
      propertyPath: reverseTileEnabled
      value: 0
      objectReference: {fileID: 0}
    - target: {fileID: 114000013677863914, guid: 3d3de2da68164904d8335055f6a0aed4,
        type: 2}
      propertyPath: delayTileEnabled
      value: 0
      objectReference: {fileID: 0}
    - target: {fileID: 114000013677863914, guid: 3d3de2da68164904d8335055f6a0aed4,
        type: 2}
      propertyPath: speedTileEnabled
      value: 0
      objectReference: {fileID: 0}
    - target: {fileID: 114000013677863914, guid: 3d3de2da68164904d8335055f6a0aed4,
        type: 2}
      propertyPath: tutorialObject
      value: 
      objectReference: {fileID: 1489864277}
    m_RemovedComponents: []
  m_ParentPrefab: {fileID: 100100000, guid: 3d3de2da68164904d8335055f6a0aed4, type: 2}
  m_IsPrefabParent: 0
--- !u!114 &390968466 stripped
MonoBehaviour:
  m_PrefabParentObject: {fileID: 114000013677863914, guid: 3d3de2da68164904d8335055f6a0aed4,
    type: 2}
  m_PrefabInternal: {fileID: 390968465}
  m_Script: {fileID: 11500000, guid: ece709bfcef0df34da428406594e774c, type: 3}
--- !u!1 &429427432
GameObject:
  m_ObjectHideFlags: 0
  m_PrefabParentObject: {fileID: 1000012742050002, guid: 6655ef8495a4123418b1ceedd30cbf04,
    type: 2}
  m_PrefabInternal: {fileID: 0}
  serializedVersion: 4
  m_Component:
  - 224: {fileID: 429427433}
  - 222: {fileID: 429427435}
  - 114: {fileID: 429427434}
  m_Layer: 5
  m_Name: Text
  m_TagString: Untagged
  m_Icon: {fileID: 0}
  m_NavMeshLayer: 0
  m_StaticEditorFlags: 0
  m_IsActive: 1
--- !u!224 &429427433
RectTransform:
  m_ObjectHideFlags: 0
  m_PrefabParentObject: {fileID: 224000010261578876, guid: 6655ef8495a4123418b1ceedd30cbf04,
    type: 2}
  m_PrefabInternal: {fileID: 0}
  m_GameObject: {fileID: 429427432}
  m_LocalRotation: {x: 0, y: 0, z: 0, w: 1}
  m_LocalPosition: {x: 0, y: 0, z: 0}
  m_LocalScale: {x: 1, y: 1, z: 1}
  m_LocalEulerAnglesHint: {x: 0, y: 0, z: 0}
  m_Children: []
  m_Father: {fileID: 758323735}
  m_RootOrder: 1
  m_AnchorMin: {x: 0.5, y: 0.5}
  m_AnchorMax: {x: 0.5, y: 0.5}
  m_AnchoredPosition: {x: 0, y: 0}
  m_SizeDelta: {x: 100, y: 30}
  m_Pivot: {x: 0.5, y: 0.5}
--- !u!114 &429427434
MonoBehaviour:
  m_ObjectHideFlags: 0
  m_PrefabParentObject: {fileID: 114000012024977806, guid: 6655ef8495a4123418b1ceedd30cbf04,
    type: 2}
  m_PrefabInternal: {fileID: 0}
  m_GameObject: {fileID: 429427432}
  m_Enabled: 1
  m_EditorHideFlags: 0
  m_Script: {fileID: 708705254, guid: f5f67c52d1564df4a8936ccd202a3bd8, type: 3}
  m_Name: 
  m_EditorClassIdentifier: 
  m_Material: {fileID: 0}
  m_Color: {r: 0.19607843, g: 0.19607843, b: 0.19607843, a: 1}
  m_RaycastTarget: 1
  m_OnCullStateChanged:
    m_PersistentCalls:
      m_Calls: []
    m_TypeName: UnityEngine.UI.MaskableGraphic+CullStateChangedEvent, UnityEngine.UI,
      Version=1.0.0.0, Culture=neutral, PublicKeyToken=null
  m_FontData:
    m_Font: {fileID: 10102, guid: 0000000000000000e000000000000000, type: 0}
    m_FontSize: 20
    m_FontStyle: 0
    m_BestFit: 0
    m_MinSize: 1
    m_MaxSize: 40
    m_Alignment: 4
    m_AlignByGeometry: 0
    m_RichText: 1
    m_HorizontalOverflow: 0
    m_VerticalOverflow: 0
    m_LineSpacing: 1
  m_Text: 0/0
--- !u!222 &429427435
CanvasRenderer:
  m_ObjectHideFlags: 0
  m_PrefabParentObject: {fileID: 222000013966911692, guid: 6655ef8495a4123418b1ceedd30cbf04,
    type: 2}
  m_PrefabInternal: {fileID: 0}
  m_GameObject: {fileID: 429427432}
--- !u!1001 &497858886
Prefab:
  m_ObjectHideFlags: 0
  serializedVersion: 2
  m_Modification:
    m_TransformParent: {fileID: 334026899}
    m_Modifications:
    - target: {fileID: 4000013449158144, guid: 23aa63c44afac2143a765b4ae35fade4, type: 2}
      propertyPath: m_LocalPosition.x
      value: 2
      objectReference: {fileID: 0}
    - target: {fileID: 4000013449158144, guid: 23aa63c44afac2143a765b4ae35fade4, type: 2}
      propertyPath: m_LocalPosition.y
      value: 0
      objectReference: {fileID: 0}
    - target: {fileID: 4000013449158144, guid: 23aa63c44afac2143a765b4ae35fade4, type: 2}
      propertyPath: m_LocalPosition.z
      value: 0
      objectReference: {fileID: 0}
    - target: {fileID: 4000013449158144, guid: 23aa63c44afac2143a765b4ae35fade4, type: 2}
      propertyPath: m_LocalRotation.x
      value: -0
      objectReference: {fileID: 0}
    - target: {fileID: 4000013449158144, guid: 23aa63c44afac2143a765b4ae35fade4, type: 2}
      propertyPath: m_LocalRotation.y
      value: -0
      objectReference: {fileID: 0}
    - target: {fileID: 4000013449158144, guid: 23aa63c44afac2143a765b4ae35fade4, type: 2}
      propertyPath: m_LocalRotation.z
      value: -0
      objectReference: {fileID: 0}
    - target: {fileID: 4000013449158144, guid: 23aa63c44afac2143a765b4ae35fade4, type: 2}
      propertyPath: m_LocalRotation.w
      value: 1
      objectReference: {fileID: 0}
    - target: {fileID: 4000013449158144, guid: 23aa63c44afac2143a765b4ae35fade4, type: 2}
      propertyPath: m_RootOrder
      value: 2
      objectReference: {fileID: 0}
    m_RemovedComponents: []
  m_ParentPrefab: {fileID: 100100000, guid: 23aa63c44afac2143a765b4ae35fade4, type: 2}
  m_IsPrefabParent: 0
--- !u!4 &497858887 stripped
Transform:
  m_PrefabParentObject: {fileID: 4000013449158144, guid: 23aa63c44afac2143a765b4ae35fade4,
    type: 2}
  m_PrefabInternal: {fileID: 497858886}
--- !u!1 &541073458
GameObject:
  m_ObjectHideFlags: 0
  m_PrefabParentObject: {fileID: 0}
  m_PrefabInternal: {fileID: 0}
  serializedVersion: 4
  m_Component:
  - 224: {fileID: 541073459}
  - 222: {fileID: 541073461}
  - 114: {fileID: 541073460}
  m_Layer: 5
  m_Name: Tip_3
  m_TagString: Untagged
  m_Icon: {fileID: 0}
  m_NavMeshLayer: 0
  m_StaticEditorFlags: 0
  m_IsActive: 0
--- !u!224 &541073459
RectTransform:
  m_ObjectHideFlags: 0
  m_PrefabParentObject: {fileID: 0}
  m_PrefabInternal: {fileID: 0}
  m_GameObject: {fileID: 541073458}
  m_LocalRotation: {x: -0, y: -0, z: -0, w: 1}
  m_LocalPosition: {x: 0, y: 0, z: 0}
  m_LocalScale: {x: 0.945, y: 0.945, z: 1}
  m_LocalEulerAnglesHint: {x: 0, y: 0, z: 0}
  m_Children:
  - {fileID: 839984674}
  m_Father: {fileID: 1489864278}
  m_RootOrder: 2
  m_AnchorMin: {x: 0.5, y: 0.5}
  m_AnchorMax: {x: 0.5, y: 0.5}
  m_AnchoredPosition: {x: -289.5, y: -33.9}
  m_SizeDelta: {x: 160, y: 100}
  m_Pivot: {x: 0.5, y: 0.5}
--- !u!114 &541073460
MonoBehaviour:
  m_ObjectHideFlags: 0
  m_PrefabParentObject: {fileID: 0}
  m_PrefabInternal: {fileID: 0}
  m_GameObject: {fileID: 541073458}
  m_Enabled: 1
  m_EditorHideFlags: 0
  m_Script: {fileID: -765806418, guid: f5f67c52d1564df4a8936ccd202a3bd8, type: 3}
  m_Name: 
  m_EditorClassIdentifier: 
  m_Material: {fileID: 0}
  m_Color: {r: 1, g: 1, b: 1, a: 1}
  m_RaycastTarget: 0
  m_OnCullStateChanged:
    m_PersistentCalls:
      m_Calls: []
    m_TypeName: UnityEngine.UI.MaskableGraphic+CullStateChangedEvent, UnityEngine.UI,
      Version=1.0.0.0, Culture=neutral, PublicKeyToken=null
  m_Sprite: {fileID: 21300000, guid: 66e20cca92c2aaf4aac37de7c36a42e2, type: 3}
  m_Type: 0
  m_PreserveAspect: 0
  m_FillCenter: 1
  m_FillMethod: 4
  m_FillAmount: 1
  m_FillClockwise: 1
  m_FillOrigin: 0
--- !u!222 &541073461
CanvasRenderer:
  m_ObjectHideFlags: 0
  m_PrefabParentObject: {fileID: 0}
  m_PrefabInternal: {fileID: 0}
  m_GameObject: {fileID: 541073458}
--- !u!1 &604808707
GameObject:
  m_ObjectHideFlags: 0
  m_PrefabParentObject: {fileID: 0}
  m_PrefabInternal: {fileID: 0}
  serializedVersion: 4
  m_Component:
  - 4: {fileID: 604808708}
  m_Layer: 0
  m_Name: Items
  m_TagString: Untagged
  m_Icon: {fileID: 0}
  m_NavMeshLayer: 0
  m_StaticEditorFlags: 0
  m_IsActive: 1
--- !u!4 &604808708
Transform:
  m_ObjectHideFlags: 0
  m_PrefabParentObject: {fileID: 0}
  m_PrefabInternal: {fileID: 0}
  m_GameObject: {fileID: 604808707}
  m_LocalRotation: {x: 0, y: 0, z: 0, w: 1}
  m_LocalPosition: {x: 0, y: 0, z: 0}
  m_LocalScale: {x: 1, y: 1, z: 1}
  m_LocalEulerAnglesHint: {x: 0, y: 0, z: 0}
  m_Children:
  - {fileID: 1167241440}
  m_Father: {fileID: 0}
  m_RootOrder: 5
--- !u!1001 &628448940
Prefab:
  m_ObjectHideFlags: 0
  serializedVersion: 2
  m_Modification:
    m_TransformParent: {fileID: 0}
    m_Modifications:
    - target: {fileID: 4000013559847152, guid: 1f510b3d307b8a14ab0d39551e798067, type: 2}
      propertyPath: m_LocalPosition.x
      value: 0
      objectReference: {fileID: 0}
    - target: {fileID: 4000013559847152, guid: 1f510b3d307b8a14ab0d39551e798067, type: 2}
      propertyPath: m_LocalPosition.y
      value: 0.5
      objectReference: {fileID: 0}
    - target: {fileID: 4000013559847152, guid: 1f510b3d307b8a14ab0d39551e798067, type: 2}
      propertyPath: m_LocalPosition.z
      value: 0
      objectReference: {fileID: 0}
    - target: {fileID: 4000013559847152, guid: 1f510b3d307b8a14ab0d39551e798067, type: 2}
      propertyPath: m_LocalRotation.x
      value: 0
      objectReference: {fileID: 0}
    - target: {fileID: 4000013559847152, guid: 1f510b3d307b8a14ab0d39551e798067, type: 2}
      propertyPath: m_LocalRotation.y
      value: 0
      objectReference: {fileID: 0}
    - target: {fileID: 4000013559847152, guid: 1f510b3d307b8a14ab0d39551e798067, type: 2}
      propertyPath: m_LocalRotation.z
      value: 0
      objectReference: {fileID: 0}
    - target: {fileID: 4000013559847152, guid: 1f510b3d307b8a14ab0d39551e798067, type: 2}
      propertyPath: m_LocalRotation.w
      value: 1
      objectReference: {fileID: 0}
    - target: {fileID: 4000013559847152, guid: 1f510b3d307b8a14ab0d39551e798067, type: 2}
      propertyPath: m_RootOrder
      value: 2
      objectReference: {fileID: 0}
    m_RemovedComponents: []
  m_ParentPrefab: {fileID: 100100000, guid: 1f510b3d307b8a14ab0d39551e798067, type: 2}
  m_IsPrefabParent: 0
--- !u!1 &634233592
GameObject:
  m_ObjectHideFlags: 0
  m_PrefabParentObject: {fileID: 1000012791988846, guid: 6655ef8495a4123418b1ceedd30cbf04,
    type: 2}
  m_PrefabInternal: {fileID: 0}
  serializedVersion: 4
  m_Component:
  - 224: {fileID: 634233593}
  - 222: {fileID: 634233595}
  - 114: {fileID: 634233594}
  m_Layer: 5
  m_Name: Panel
  m_TagString: Untagged
  m_Icon: {fileID: 0}
  m_NavMeshLayer: 0
  m_StaticEditorFlags: 0
  m_IsActive: 1
--- !u!224 &634233593
RectTransform:
  m_ObjectHideFlags: 0
  m_PrefabParentObject: {fileID: 224000012289461236, guid: 6655ef8495a4123418b1ceedd30cbf04,
    type: 2}
  m_PrefabInternal: {fileID: 0}
  m_GameObject: {fileID: 634233592}
  m_LocalRotation: {x: 0, y: 0, z: 0, w: 1}
  m_LocalPosition: {x: 0, y: 0, z: 0}
  m_LocalScale: {x: 1, y: 1, z: 1}
  m_LocalEulerAnglesHint: {x: 0, y: 0, z: 0}
  m_Children:
  - {fileID: 961425490}
  - {fileID: 1125722304}
  - {fileID: 760166709}
  - {fileID: 758323735}
  m_Father: {fileID: 1760940031}
  m_RootOrder: 0
  m_AnchorMin: {x: 0, y: 0}
  m_AnchorMax: {x: 1, y: 1}
  m_AnchoredPosition: {x: 0, y: -225}
  m_SizeDelta: {x: 0, y: -450}
  m_Pivot: {x: 0.5, y: 0.5}
--- !u!114 &634233594
MonoBehaviour:
  m_ObjectHideFlags: 0
  m_PrefabParentObject: {fileID: 114000011796504562, guid: 6655ef8495a4123418b1ceedd30cbf04,
    type: 2}
  m_PrefabInternal: {fileID: 0}
  m_GameObject: {fileID: 634233592}
  m_Enabled: 1
  m_EditorHideFlags: 0
  m_Script: {fileID: -765806418, guid: f5f67c52d1564df4a8936ccd202a3bd8, type: 3}
  m_Name: 
  m_EditorClassIdentifier: 
  m_Material: {fileID: 0}
  m_Color: {r: 1, g: 1, b: 1, a: 1}
  m_RaycastTarget: 1
  m_OnCullStateChanged:
    m_PersistentCalls:
      m_Calls: []
    m_TypeName: UnityEngine.UI.MaskableGraphic+CullStateChangedEvent, UnityEngine.UI,
      Version=1.0.0.0, Culture=neutral, PublicKeyToken=null
  m_Sprite: {fileID: 21300000, guid: 8c7667932ec629e499a074c79da0616f, type: 3}
  m_Type: 0
  m_PreserveAspect: 0
  m_FillCenter: 1
  m_FillMethod: 4
  m_FillAmount: 1
  m_FillClockwise: 1
  m_FillOrigin: 0
--- !u!222 &634233595
CanvasRenderer:
  m_ObjectHideFlags: 0
  m_PrefabParentObject: {fileID: 222000011263066224, guid: 6655ef8495a4123418b1ceedd30cbf04,
    type: 2}
  m_PrefabInternal: {fileID: 0}
  m_GameObject: {fileID: 634233592}
--- !u!1 &636690199
GameObject:
  m_ObjectHideFlags: 0
  m_PrefabParentObject: {fileID: 1000012632873482, guid: 6655ef8495a4123418b1ceedd30cbf04,
    type: 2}
  m_PrefabInternal: {fileID: 0}
  serializedVersion: 4
  m_Component:
  - 4: {fileID: 636690200}
  - 114: {fileID: 636690202}
  - 114: {fileID: 636690201}
  m_Layer: 0
  m_Name: EventSystem
  m_TagString: Untagged
  m_Icon: {fileID: 0}
  m_NavMeshLayer: 0
  m_StaticEditorFlags: 0
  m_IsActive: 1
--- !u!4 &636690200
Transform:
  m_ObjectHideFlags: 0
  m_PrefabParentObject: {fileID: 4000010613040840, guid: 6655ef8495a4123418b1ceedd30cbf04,
    type: 2}
  m_PrefabInternal: {fileID: 0}
  m_GameObject: {fileID: 636690199}
  m_LocalRotation: {x: -0, y: -0, z: -0, w: 1}
  m_LocalPosition: {x: -378, y: -283.5, z: 0}
  m_LocalScale: {x: 1, y: 1, z: 1}
  m_LocalEulerAnglesHint: {x: 0, y: 0, z: 0}
  m_Children: []
  m_Father: {fileID: 1760940031}
  m_RootOrder: 1
--- !u!114 &636690201
MonoBehaviour:
  m_ObjectHideFlags: 0
  m_PrefabParentObject: {fileID: 114000011626403892, guid: 6655ef8495a4123418b1ceedd30cbf04,
    type: 2}
  m_PrefabInternal: {fileID: 0}
  m_GameObject: {fileID: 636690199}
  m_Enabled: 1
  m_EditorHideFlags: 0
  m_Script: {fileID: 1077351063, guid: f5f67c52d1564df4a8936ccd202a3bd8, type: 3}
  m_Name: 
  m_EditorClassIdentifier: 
  m_HorizontalAxis: Horizontal
  m_VerticalAxis: Vertical
  m_SubmitButton: Submit
  m_CancelButton: Cancel
  m_InputActionsPerSecond: 10
  m_RepeatDelay: 0.5
  m_ForceModuleActive: 0
--- !u!114 &636690202
MonoBehaviour:
  m_ObjectHideFlags: 0
  m_PrefabParentObject: {fileID: 114000011746660680, guid: 6655ef8495a4123418b1ceedd30cbf04,
    type: 2}
  m_PrefabInternal: {fileID: 0}
  m_GameObject: {fileID: 636690199}
  m_Enabled: 1
  m_EditorHideFlags: 0
  m_Script: {fileID: -619905303, guid: f5f67c52d1564df4a8936ccd202a3bd8, type: 3}
  m_Name: 
  m_EditorClassIdentifier: 
  m_FirstSelected: {fileID: 0}
  m_sendNavigationEvents: 1
  m_DragThreshold: 5
--- !u!1 &639603446
GameObject:
  m_ObjectHideFlags: 0
  m_PrefabParentObject: {fileID: 0}
  m_PrefabInternal: {fileID: 0}
  serializedVersion: 4
  m_Component:
  - 224: {fileID: 639603447}
  - 222: {fileID: 639603449}
  - 114: {fileID: 639603448}
  m_Layer: 5
  m_Name: Text
  m_TagString: Untagged
  m_Icon: {fileID: 0}
  m_NavMeshLayer: 0
  m_StaticEditorFlags: 0
  m_IsActive: 1
--- !u!224 &639603447
RectTransform:
  m_ObjectHideFlags: 0
  m_PrefabParentObject: {fileID: 0}
  m_PrefabInternal: {fileID: 0}
  m_GameObject: {fileID: 639603446}
  m_LocalRotation: {x: 0, y: 0, z: 0, w: 1}
  m_LocalPosition: {x: 0, y: 0, z: 0}
  m_LocalScale: {x: 1, y: 1, z: 1}
  m_LocalEulerAnglesHint: {x: 0, y: 0, z: 0}
  m_Children: []
  m_Father: {fileID: 1144467133}
  m_RootOrder: 0
  m_AnchorMin: {x: 0.5, y: 0.5}
  m_AnchorMax: {x: 0.5, y: 0.5}
  m_AnchoredPosition: {x: -0.000030517578, y: 11}
  m_SizeDelta: {x: 150, y: 100}
  m_Pivot: {x: 0.5, y: 0.5}
--- !u!114 &639603448
MonoBehaviour:
  m_ObjectHideFlags: 0
  m_PrefabParentObject: {fileID: 0}
  m_PrefabInternal: {fileID: 0}
  m_GameObject: {fileID: 639603446}
  m_Enabled: 1
  m_EditorHideFlags: 0
  m_Script: {fileID: 708705254, guid: f5f67c52d1564df4a8936ccd202a3bd8, type: 3}
  m_Name: 
  m_EditorClassIdentifier: 
  m_Material: {fileID: 0}
  m_Color: {r: 0.19607843, g: 0.19607843, b: 0.19607843, a: 1}
  m_RaycastTarget: 1
  m_OnCullStateChanged:
    m_PersistentCalls:
      m_Calls: []
    m_TypeName: UnityEngine.UI.MaskableGraphic+CullStateChangedEvent, UnityEngine.UI,
      Version=1.0.0.0, Culture=neutral, PublicKeyToken=null
  m_FontData:
    m_Font: {fileID: 10102, guid: 0000000000000000e000000000000000, type: 0}
    m_FontSize: 14
    m_FontStyle: 0
    m_BestFit: 0
    m_MinSize: 10
    m_MaxSize: 40
    m_Alignment: 4
    m_AlignByGeometry: 0
    m_RichText: 1
    m_HorizontalOverflow: 0
    m_VerticalOverflow: 0
    m_LineSpacing: 1
  m_Text: Whenever Clyde walks over a modified tile, his energy will drain. This cost
    can be seen here.
--- !u!222 &639603449
CanvasRenderer:
  m_ObjectHideFlags: 0
  m_PrefabParentObject: {fileID: 0}
  m_PrefabInternal: {fileID: 0}
  m_GameObject: {fileID: 639603446}
--- !u!1001 &646201797
Prefab:
  m_ObjectHideFlags: 0
  serializedVersion: 2
  m_Modification:
    m_TransformParent: {fileID: 334026899}
    m_Modifications:
    - target: {fileID: 4000013449158144, guid: 23aa63c44afac2143a765b4ae35fade4, type: 2}
      propertyPath: m_LocalPosition.x
      value: 1
      objectReference: {fileID: 0}
    - target: {fileID: 4000013449158144, guid: 23aa63c44afac2143a765b4ae35fade4, type: 2}
      propertyPath: m_LocalPosition.y
      value: 0
      objectReference: {fileID: 0}
    - target: {fileID: 4000013449158144, guid: 23aa63c44afac2143a765b4ae35fade4, type: 2}
      propertyPath: m_LocalPosition.z
      value: 0
      objectReference: {fileID: 0}
    - target: {fileID: 4000013449158144, guid: 23aa63c44afac2143a765b4ae35fade4, type: 2}
      propertyPath: m_LocalRotation.x
      value: -0
      objectReference: {fileID: 0}
    - target: {fileID: 4000013449158144, guid: 23aa63c44afac2143a765b4ae35fade4, type: 2}
      propertyPath: m_LocalRotation.y
      value: -0
      objectReference: {fileID: 0}
    - target: {fileID: 4000013449158144, guid: 23aa63c44afac2143a765b4ae35fade4, type: 2}
      propertyPath: m_LocalRotation.z
      value: -0
      objectReference: {fileID: 0}
    - target: {fileID: 4000013449158144, guid: 23aa63c44afac2143a765b4ae35fade4, type: 2}
      propertyPath: m_LocalRotation.w
      value: 1
      objectReference: {fileID: 0}
    - target: {fileID: 4000013449158144, guid: 23aa63c44afac2143a765b4ae35fade4, type: 2}
      propertyPath: m_RootOrder
      value: 1
      objectReference: {fileID: 0}
    m_RemovedComponents: []
  m_ParentPrefab: {fileID: 100100000, guid: 23aa63c44afac2143a765b4ae35fade4, type: 2}
  m_IsPrefabParent: 0
--- !u!1 &709718371
GameObject:
  m_ObjectHideFlags: 0
  m_PrefabParentObject: {fileID: 0}
  m_PrefabInternal: {fileID: 0}
  serializedVersion: 4
  m_Component:
  - 224: {fileID: 709718372}
  - 222: {fileID: 709718374}
  - 114: {fileID: 709718373}
  m_Layer: 5
  m_Name: Text
  m_TagString: Untagged
  m_Icon: {fileID: 0}
  m_NavMeshLayer: 0
  m_StaticEditorFlags: 0
  m_IsActive: 1
--- !u!224 &709718372
RectTransform:
  m_ObjectHideFlags: 0
  m_PrefabParentObject: {fileID: 0}
  m_PrefabInternal: {fileID: 0}
  m_GameObject: {fileID: 709718371}
  m_LocalRotation: {x: 0, y: 0, z: 0, w: 1}
  m_LocalPosition: {x: 0, y: 0, z: 0}
  m_LocalScale: {x: 1, y: 1, z: 1}
  m_LocalEulerAnglesHint: {x: 0, y: 0, z: 0}
  m_Children: []
  m_Father: {fileID: 1666618417}
  m_RootOrder: 0
  m_AnchorMin: {x: 0.5, y: 0.5}
  m_AnchorMax: {x: 0.5, y: 0.5}
  m_AnchoredPosition: {x: -0.000030517578, y: 11}
  m_SizeDelta: {x: 150, y: 100}
  m_Pivot: {x: 0.5, y: 0.5}
--- !u!114 &709718373
MonoBehaviour:
  m_ObjectHideFlags: 0
  m_PrefabParentObject: {fileID: 0}
  m_PrefabInternal: {fileID: 0}
  m_GameObject: {fileID: 709718371}
  m_Enabled: 1
  m_EditorHideFlags: 0
  m_Script: {fileID: 708705254, guid: f5f67c52d1564df4a8936ccd202a3bd8, type: 3}
  m_Name: 
  m_EditorClassIdentifier: 
  m_Material: {fileID: 0}
  m_Color: {r: 0.19607843, g: 0.19607843, b: 0.19607843, a: 1}
  m_RaycastTarget: 1
  m_OnCullStateChanged:
    m_PersistentCalls:
      m_Calls: []
    m_TypeName: UnityEngine.UI.MaskableGraphic+CullStateChangedEvent, UnityEngine.UI,
      Version=1.0.0.0, Culture=neutral, PublicKeyToken=null
  m_FontData:
    m_Font: {fileID: 10102, guid: 0000000000000000e000000000000000, type: 0}
    m_FontSize: 14
    m_FontStyle: 0
    m_BestFit: 0
    m_MinSize: 10
    m_MaxSize: 40
    m_Alignment: 4
    m_AlignByGeometry: 0
    m_RichText: 1
    m_HorizontalOverflow: 0
    m_VerticalOverflow: 0
    m_LineSpacing: 1
  m_Text: This is Clyde's energy bar. If it reaches 0 Clyde will be unable to move!
--- !u!222 &709718374
CanvasRenderer:
  m_ObjectHideFlags: 0
  m_PrefabParentObject: {fileID: 0}
  m_PrefabInternal: {fileID: 0}
  m_GameObject: {fileID: 709718371}
--- !u!1 &732661082
GameObject:
  m_ObjectHideFlags: 0
  m_PrefabParentObject: {fileID: 1000011411464712, guid: 6655ef8495a4123418b1ceedd30cbf04,
    type: 2}
  m_PrefabInternal: {fileID: 0}
  serializedVersion: 4
  m_Component:
  - 224: {fileID: 732661083}
  - 222: {fileID: 732661085}
  - 114: {fileID: 732661084}
  m_Layer: 5
  m_Name: Green
  m_TagString: Untagged
  m_Icon: {fileID: 0}
  m_NavMeshLayer: 0
  m_StaticEditorFlags: 0
  m_IsActive: 1
--- !u!224 &732661083
RectTransform:
  m_ObjectHideFlags: 0
  m_PrefabParentObject: {fileID: 224000013689885866, guid: 6655ef8495a4123418b1ceedd30cbf04,
    type: 2}
  m_PrefabInternal: {fileID: 0}
  m_GameObject: {fileID: 732661082}
  m_LocalRotation: {x: -0, y: -0, z: -0, w: 1}
  m_LocalPosition: {x: 0, y: 0, z: 0}
  m_LocalScale: {x: 1, y: 1, z: 1}
  m_LocalEulerAnglesHint: {x: 0, y: 0, z: 0}
  m_Children: []
  m_Father: {fileID: 758323735}
  m_RootOrder: 0
  m_AnchorMin: {x: 0, y: 0.5}
  m_AnchorMax: {x: 0, y: 0.5}
  m_AnchoredPosition: {x: 0, y: 0}
  m_SizeDelta: {x: 300, y: 30}
  m_Pivot: {x: 0, y: 0.5}
--- !u!114 &732661084
MonoBehaviour:
  m_ObjectHideFlags: 0
  m_PrefabParentObject: {fileID: 114000011336393976, guid: 6655ef8495a4123418b1ceedd30cbf04,
    type: 2}
  m_PrefabInternal: {fileID: 0}
  m_GameObject: {fileID: 732661082}
  m_Enabled: 1
  m_EditorHideFlags: 0
  m_Script: {fileID: -765806418, guid: f5f67c52d1564df4a8936ccd202a3bd8, type: 3}
  m_Name: 
  m_EditorClassIdentifier: 
  m_Material: {fileID: 0}
  m_Color: {r: 0.115517244, g: 0.9852941, b: 0, a: 1}
  m_RaycastTarget: 1
  m_OnCullStateChanged:
    m_PersistentCalls:
      m_Calls: []
    m_TypeName: UnityEngine.UI.MaskableGraphic+CullStateChangedEvent, UnityEngine.UI,
      Version=1.0.0.0, Culture=neutral, PublicKeyToken=null
  m_Sprite: {fileID: 0}
  m_Type: 0
  m_PreserveAspect: 0
  m_FillCenter: 1
  m_FillMethod: 4
  m_FillAmount: 1
  m_FillClockwise: 1
  m_FillOrigin: 0
--- !u!222 &732661085
CanvasRenderer:
  m_ObjectHideFlags: 0
  m_PrefabParentObject: {fileID: 222000012008044562, guid: 6655ef8495a4123418b1ceedd30cbf04,
    type: 2}
  m_PrefabInternal: {fileID: 0}
  m_GameObject: {fileID: 732661082}
--- !u!1 &758323734
GameObject:
  m_ObjectHideFlags: 0
  m_PrefabParentObject: {fileID: 1000011217043874, guid: 6655ef8495a4123418b1ceedd30cbf04,
    type: 2}
  m_PrefabInternal: {fileID: 0}
  serializedVersion: 4
  m_Component:
  - 224: {fileID: 758323735}
  - 222: {fileID: 758323738}
  - 114: {fileID: 758323737}
  m_Layer: 5
  m_Name: EnergyBar
  m_TagString: Untagged
  m_Icon: {fileID: 0}
  m_NavMeshLayer: 0
  m_StaticEditorFlags: 0
  m_IsActive: 1
--- !u!224 &758323735
RectTransform:
  m_ObjectHideFlags: 0
  m_PrefabParentObject: {fileID: 224000013959069754, guid: 6655ef8495a4123418b1ceedd30cbf04,
    type: 2}
  m_PrefabInternal: {fileID: 0}
  m_GameObject: {fileID: 758323734}
  m_LocalRotation: {x: 0, y: 0, z: 0, w: 1}
  m_LocalPosition: {x: 0, y: 0, z: 8.5}
  m_LocalScale: {x: 1, y: 1, z: 1}
  m_LocalEulerAnglesHint: {x: 0, y: 0, z: 0}
  m_Children:
  - {fileID: 732661083}
  - {fileID: 429427433}
  m_Father: {fileID: 634233593}
  m_RootOrder: 3
  m_AnchorMin: {x: 0, y: 0.5}
  m_AnchorMax: {x: 0, y: 0.5}
  m_AnchoredPosition: {x: 500, y: -37}
  m_SizeDelta: {x: 300, y: 30}
  m_Pivot: {x: 0.5, y: 0.5}
--- !u!114 &758323736
MonoBehaviour:
  m_ObjectHideFlags: 0
  m_PrefabParentObject: {fileID: 114000013250892768, guid: 6655ef8495a4123418b1ceedd30cbf04,
    type: 2}
  m_PrefabInternal: {fileID: 0}
  m_GameObject: {fileID: 2058712656}
  m_Enabled: 1
  m_EditorHideFlags: 0
  m_Script: {fileID: 708705254, guid: f5f67c52d1564df4a8936ccd202a3bd8, type: 3}
  m_Name: 
  m_EditorClassIdentifier: 
  m_Material: {fileID: 0}
  m_Color: {r: 0.19607843, g: 0.19607843, b: 0.19607843, a: 1}
  m_RaycastTarget: 1
  m_OnCullStateChanged:
    m_PersistentCalls:
      m_Calls: []
    m_TypeName: UnityEngine.UI.MaskableGraphic+CullStateChangedEvent, UnityEngine.UI,
      Version=1.0.0.0, Culture=neutral, PublicKeyToken=null
  m_FontData:
    m_Font: {fileID: 10102, guid: 0000000000000000e000000000000000, type: 0}
    m_FontSize: 14
    m_FontStyle: 0
    m_BestFit: 0
    m_MinSize: 10
    m_MaxSize: 40
    m_Alignment: 4
    m_AlignByGeometry: 0
    m_RichText: 1
    m_HorizontalOverflow: 0
    m_VerticalOverflow: 0
    m_LineSpacing: 1
  m_Text: Action!
--- !u!114 &758323737
MonoBehaviour:
  m_ObjectHideFlags: 0
  m_PrefabParentObject: {fileID: 114000013504482714, guid: 6655ef8495a4123418b1ceedd30cbf04,
    type: 2}
  m_PrefabInternal: {fileID: 0}
  m_GameObject: {fileID: 758323734}
  m_Enabled: 1
  m_EditorHideFlags: 0
  m_Script: {fileID: -765806418, guid: f5f67c52d1564df4a8936ccd202a3bd8, type: 3}
  m_Name: 
  m_EditorClassIdentifier: 
  m_Material: {fileID: 0}
  m_Color: {r: 0.71323526, g: 0.62408084, b: 0.62408084, a: 1}
  m_RaycastTarget: 1
  m_OnCullStateChanged:
    m_PersistentCalls:
      m_Calls: []
    m_TypeName: UnityEngine.UI.MaskableGraphic+CullStateChangedEvent, UnityEngine.UI,
      Version=1.0.0.0, Culture=neutral, PublicKeyToken=null
  m_Sprite: {fileID: 0}
  m_Type: 0
  m_PreserveAspect: 0
  m_FillCenter: 1
  m_FillMethod: 4
  m_FillAmount: 1
  m_FillClockwise: 1
  m_FillOrigin: 0
--- !u!222 &758323738
CanvasRenderer:
  m_ObjectHideFlags: 0
  m_PrefabParentObject: {fileID: 222000013037032668, guid: 6655ef8495a4123418b1ceedd30cbf04,
    type: 2}
  m_PrefabInternal: {fileID: 0}
  m_GameObject: {fileID: 758323734}
--- !u!1 &760166708
GameObject:
  m_ObjectHideFlags: 0
  m_PrefabParentObject: {fileID: 1000011986460740, guid: 6655ef8495a4123418b1ceedd30cbf04,
    type: 2}
  m_PrefabInternal: {fileID: 0}
  serializedVersion: 4
  m_Component:
  - 224: {fileID: 760166709}
  - 222: {fileID: 760166712}
  - 114: {fileID: 760166711}
  - 114: {fileID: 760166710}
  m_Layer: 5
  m_Name: TurnRight
  m_TagString: TurnRight
  m_Icon: {fileID: 0}
  m_NavMeshLayer: 0
  m_StaticEditorFlags: 0
  m_IsActive: 1
--- !u!224 &760166709
RectTransform:
  m_ObjectHideFlags: 0
  m_PrefabParentObject: {fileID: 224000011120398032, guid: 6655ef8495a4123418b1ceedd30cbf04,
    type: 2}
  m_PrefabInternal: {fileID: 0}
  m_GameObject: {fileID: 760166708}
  m_LocalRotation: {x: 0, y: 0, z: 0, w: 1}
  m_LocalPosition: {x: 0, y: 0, z: 0}
  m_LocalScale: {x: 1, y: 1, z: 1}
  m_LocalEulerAnglesHint: {x: 0, y: 0, z: 0}
  m_Children:
  - {fileID: 230929384}
  - {fileID: 1347529936}
  m_Father: {fileID: 634233593}
  m_RootOrder: 2
  m_AnchorMin: {x: 0, y: 0.5}
  m_AnchorMax: {x: 0, y: 0.5}
  m_AnchoredPosition: {x: 400, y: 36}
  m_SizeDelta: {x: 60, y: 60}
  m_Pivot: {x: 0.5, y: 0.5}
--- !u!114 &760166710
MonoBehaviour:
  m_ObjectHideFlags: 0
  m_PrefabParentObject: {fileID: 114000010781404980, guid: 6655ef8495a4123418b1ceedd30cbf04,
    type: 2}
  m_PrefabInternal: {fileID: 0}
  m_GameObject: {fileID: 760166708}
  m_Enabled: 1
  m_EditorHideFlags: 0
  m_Script: {fileID: 1392445389, guid: f5f67c52d1564df4a8936ccd202a3bd8, type: 3}
  m_Name: 
  m_EditorClassIdentifier: 
  m_Navigation:
    m_Mode: 3
    m_SelectOnUp: {fileID: 0}
    m_SelectOnDown: {fileID: 0}
    m_SelectOnLeft: {fileID: 0}
    m_SelectOnRight: {fileID: 0}
  m_Transition: 1
  m_Colors:
    m_NormalColor: {r: 1, g: 1, b: 1, a: 1}
    m_HighlightedColor: {r: 0.9607843, g: 0.9607843, b: 0.9607843, a: 1}
    m_PressedColor: {r: 0.78431374, g: 0.78431374, b: 0.78431374, a: 1}
    m_DisabledColor: {r: 0.78431374, g: 0.78431374, b: 0.78431374, a: 0.5019608}
    m_ColorMultiplier: 1
    m_FadeDuration: 0.1
  m_SpriteState:
    m_HighlightedSprite: {fileID: 0}
    m_PressedSprite: {fileID: 0}
    m_DisabledSprite: {fileID: 0}
  m_AnimationTriggers:
    m_NormalTrigger: Normal
    m_HighlightedTrigger: Highlighted
    m_PressedTrigger: Pressed
    m_DisabledTrigger: Disabled
  m_Interactable: 1
  m_TargetGraphic: {fileID: 760166711}
  m_OnClick:
    m_PersistentCalls:
      m_Calls:
      - m_Target: {fileID: 390968466}
        m_MethodName: ChangeSelectedTile
        m_Mode: 3
        m_Arguments:
          m_ObjectArgument: {fileID: 0}
          m_ObjectArgumentAssemblyTypeName: UnityEngine.Object, UnityEngine
          m_IntArgument: 1
          m_FloatArgument: 0
          m_StringArgument: 
          m_BoolArgument: 0
        m_CallState: 2
    m_TypeName: UnityEngine.UI.Button+ButtonClickedEvent, UnityEngine.UI, Version=1.0.0.0,
      Culture=neutral, PublicKeyToken=null
--- !u!114 &760166711
MonoBehaviour:
  m_ObjectHideFlags: 0
  m_PrefabParentObject: {fileID: 114000012296604700, guid: 6655ef8495a4123418b1ceedd30cbf04,
    type: 2}
  m_PrefabInternal: {fileID: 0}
  m_GameObject: {fileID: 760166708}
  m_Enabled: 0
  m_EditorHideFlags: 0
  m_Script: {fileID: -765806418, guid: f5f67c52d1564df4a8936ccd202a3bd8, type: 3}
  m_Name: 
  m_EditorClassIdentifier: 
  m_Material: {fileID: 0}
  m_Color: {r: 0, g: 0, b: 0, a: 1}
  m_RaycastTarget: 1
  m_OnCullStateChanged:
    m_PersistentCalls:
      m_Calls: []
    m_TypeName: UnityEngine.UI.MaskableGraphic+CullStateChangedEvent, UnityEngine.UI,
      Version=1.0.0.0, Culture=neutral, PublicKeyToken=null
  m_Sprite: {fileID: 0}
  m_Type: 0
  m_PreserveAspect: 0
  m_FillCenter: 1
  m_FillMethod: 4
  m_FillAmount: 1
  m_FillClockwise: 1
  m_FillOrigin: 0
--- !u!222 &760166712
CanvasRenderer:
  m_ObjectHideFlags: 0
  m_PrefabParentObject: {fileID: 222000013843989530, guid: 6655ef8495a4123418b1ceedd30cbf04,
    type: 2}
  m_PrefabInternal: {fileID: 0}
  m_GameObject: {fileID: 760166708}
--- !u!1001 &778656127
Prefab:
  m_ObjectHideFlags: 0
  serializedVersion: 2
  m_Modification:
    m_TransformParent: {fileID: 334026899}
    m_Modifications:
    - target: {fileID: 4000013449158144, guid: 23aa63c44afac2143a765b4ae35fade4, type: 2}
      propertyPath: m_LocalPosition.x
      value: 1
      objectReference: {fileID: 0}
    - target: {fileID: 4000013449158144, guid: 23aa63c44afac2143a765b4ae35fade4, type: 2}
      propertyPath: m_LocalPosition.y
      value: 0
      objectReference: {fileID: 0}
    - target: {fileID: 4000013449158144, guid: 23aa63c44afac2143a765b4ae35fade4, type: 2}
      propertyPath: m_LocalPosition.z
      value: 2
      objectReference: {fileID: 0}
    - target: {fileID: 4000013449158144, guid: 23aa63c44afac2143a765b4ae35fade4, type: 2}
      propertyPath: m_LocalRotation.x
      value: -0
      objectReference: {fileID: 0}
    - target: {fileID: 4000013449158144, guid: 23aa63c44afac2143a765b4ae35fade4, type: 2}
      propertyPath: m_LocalRotation.y
      value: -0
      objectReference: {fileID: 0}
    - target: {fileID: 4000013449158144, guid: 23aa63c44afac2143a765b4ae35fade4, type: 2}
      propertyPath: m_LocalRotation.z
      value: -0
      objectReference: {fileID: 0}
    - target: {fileID: 4000013449158144, guid: 23aa63c44afac2143a765b4ae35fade4, type: 2}
      propertyPath: m_LocalRotation.w
      value: 1
      objectReference: {fileID: 0}
    - target: {fileID: 4000013449158144, guid: 23aa63c44afac2143a765b4ae35fade4, type: 2}
      propertyPath: m_RootOrder
      value: 9
      objectReference: {fileID: 0}
    - target: {fileID: 1000013085559166, guid: 23aa63c44afac2143a765b4ae35fade4, type: 2}
      propertyPath: m_Name
      value: Normal
      objectReference: {fileID: 0}
    m_RemovedComponents: []
  m_ParentPrefab: {fileID: 100100000, guid: 23aa63c44afac2143a765b4ae35fade4, type: 2}
  m_IsPrefabParent: 0
--- !u!4 &778656128 stripped
Transform:
  m_PrefabParentObject: {fileID: 4000013449158144, guid: 23aa63c44afac2143a765b4ae35fade4,
    type: 2}
  m_PrefabInternal: {fileID: 778656127}
--- !u!1 &839984673
GameObject:
  m_ObjectHideFlags: 0
  m_PrefabParentObject: {fileID: 0}
  m_PrefabInternal: {fileID: 0}
  serializedVersion: 4
  m_Component:
  - 224: {fileID: 839984674}
  - 222: {fileID: 839984676}
  - 114: {fileID: 839984675}
  m_Layer: 5
  m_Name: Text
  m_TagString: Untagged
  m_Icon: {fileID: 0}
  m_NavMeshLayer: 0
  m_StaticEditorFlags: 0
  m_IsActive: 1
--- !u!224 &839984674
RectTransform:
  m_ObjectHideFlags: 0
  m_PrefabParentObject: {fileID: 0}
  m_PrefabInternal: {fileID: 0}
  m_GameObject: {fileID: 839984673}
  m_LocalRotation: {x: 0, y: 0, z: 0, w: 1}
  m_LocalPosition: {x: 0, y: 0, z: 0}
  m_LocalScale: {x: 1, y: 1, z: 1}
  m_LocalEulerAnglesHint: {x: 0, y: 0, z: 0}
  m_Children: []
  m_Father: {fileID: 541073459}
  m_RootOrder: 0
  m_AnchorMin: {x: 0.5, y: 0.5}
  m_AnchorMax: {x: 0.5, y: 0.5}
  m_AnchoredPosition: {x: -0.000030517578, y: 13.6}
  m_SizeDelta: {x: 150, y: 100}
  m_Pivot: {x: 0.5, y: 0.5}
--- !u!114 &839984675
MonoBehaviour:
  m_ObjectHideFlags: 0
  m_PrefabParentObject: {fileID: 0}
  m_PrefabInternal: {fileID: 0}
  m_GameObject: {fileID: 839984673}
  m_Enabled: 1
  m_EditorHideFlags: 0
  m_Script: {fileID: 708705254, guid: f5f67c52d1564df4a8936ccd202a3bd8, type: 3}
  m_Name: 
  m_EditorClassIdentifier: 
  m_Material: {fileID: 0}
  m_Color: {r: 0.19607843, g: 0.19607843, b: 0.19607843, a: 1}
  m_RaycastTarget: 1
  m_OnCullStateChanged:
    m_PersistentCalls:
      m_Calls: []
    m_TypeName: UnityEngine.UI.MaskableGraphic+CullStateChangedEvent, UnityEngine.UI,
      Version=1.0.0.0, Culture=neutral, PublicKeyToken=null
  m_FontData:
    m_Font: {fileID: 10102, guid: 0000000000000000e000000000000000, type: 0}
    m_FontSize: 14
    m_FontStyle: 0
    m_BestFit: 0
    m_MinSize: 10
    m_MaxSize: 40
    m_Alignment: 4
    m_AlignByGeometry: 0
    m_RichText: 1
    m_HorizontalOverflow: 0
    m_VerticalOverflow: 0
    m_LineSpacing: 1
  m_Text: Clyde can pick up batteries to gain 10 energy.
--- !u!222 &839984676
CanvasRenderer:
  m_ObjectHideFlags: 0
  m_PrefabParentObject: {fileID: 0}
  m_PrefabInternal: {fileID: 0}
  m_GameObject: {fileID: 839984673}
--- !u!1 &857290741
GameObject:
  m_ObjectHideFlags: 0
  m_PrefabParentObject: {fileID: 1000010392143132, guid: 6655ef8495a4123418b1ceedd30cbf04,
    type: 2}
  m_PrefabInternal: {fileID: 0}
  serializedVersion: 4
  m_Component:
  - 224: {fileID: 857290742}
  - 222: {fileID: 857290744}
  - 114: {fileID: 857290743}
  m_Layer: 5
  m_Name: Cost
  m_TagString: Untagged
  m_Icon: {fileID: 0}
  m_NavMeshLayer: 0
  m_StaticEditorFlags: 0
  m_IsActive: 1
--- !u!224 &857290742
RectTransform:
  m_ObjectHideFlags: 0
  m_PrefabParentObject: {fileID: 224000014066505296, guid: 6655ef8495a4123418b1ceedd30cbf04,
    type: 2}
  m_PrefabInternal: {fileID: 0}
  m_GameObject: {fileID: 857290741}
  m_LocalRotation: {x: 0, y: 0, z: 0, w: 1}
  m_LocalPosition: {x: 0, y: 0, z: 0}
  m_LocalScale: {x: 1, y: 1, z: 1}
  m_LocalEulerAnglesHint: {x: 0, y: 0, z: 0}
  m_Children:
  - {fileID: 1657788939}
  m_Father: {fileID: 1125722304}
  m_RootOrder: 1
  m_AnchorMin: {x: 0.5, y: 0}
  m_AnchorMax: {x: 0.5, y: 0}
  m_AnchoredPosition: {x: 0, y: 0}
  m_SizeDelta: {x: 60, y: 20}
  m_Pivot: {x: 0.5, y: 1}
--- !u!114 &857290743
MonoBehaviour:
  m_ObjectHideFlags: 0
  m_PrefabParentObject: {fileID: 114000013145249344, guid: 6655ef8495a4123418b1ceedd30cbf04,
    type: 2}
  m_PrefabInternal: {fileID: 0}
  m_GameObject: {fileID: 857290741}
  m_Enabled: 1
  m_EditorHideFlags: 0
  m_Script: {fileID: -765806418, guid: f5f67c52d1564df4a8936ccd202a3bd8, type: 3}
  m_Name: 
  m_EditorClassIdentifier: 
  m_Material: {fileID: 0}
  m_Color: {r: 0, g: 0, b: 0, a: 1}
  m_RaycastTarget: 1
  m_OnCullStateChanged:
    m_PersistentCalls:
      m_Calls: []
    m_TypeName: UnityEngine.UI.MaskableGraphic+CullStateChangedEvent, UnityEngine.UI,
      Version=1.0.0.0, Culture=neutral, PublicKeyToken=null
  m_Sprite: {fileID: 10907, guid: 0000000000000000f000000000000000, type: 0}
  m_Type: 1
  m_PreserveAspect: 0
  m_FillCenter: 1
  m_FillMethod: 4
  m_FillAmount: 1
  m_FillClockwise: 1
  m_FillOrigin: 0
--- !u!222 &857290744
CanvasRenderer:
  m_ObjectHideFlags: 0
  m_PrefabParentObject: {fileID: 222000013562408046, guid: 6655ef8495a4123418b1ceedd30cbf04,
    type: 2}
  m_PrefabInternal: {fileID: 0}
  m_GameObject: {fileID: 857290741}
--- !u!1001 &936967998
Prefab:
  m_ObjectHideFlags: 0
  serializedVersion: 2
  m_Modification:
    m_TransformParent: {fileID: 334026899}
    m_Modifications:
    - target: {fileID: 4000013449158144, guid: 23aa63c44afac2143a765b4ae35fade4, type: 2}
      propertyPath: m_LocalPosition.x
      value: 4
      objectReference: {fileID: 0}
    - target: {fileID: 4000013449158144, guid: 23aa63c44afac2143a765b4ae35fade4, type: 2}
      propertyPath: m_LocalPosition.y
      value: 0
      objectReference: {fileID: 0}
    - target: {fileID: 4000013449158144, guid: 23aa63c44afac2143a765b4ae35fade4, type: 2}
      propertyPath: m_LocalPosition.z
      value: 2
      objectReference: {fileID: 0}
    - target: {fileID: 4000013449158144, guid: 23aa63c44afac2143a765b4ae35fade4, type: 2}
      propertyPath: m_LocalRotation.x
      value: -0
      objectReference: {fileID: 0}
    - target: {fileID: 4000013449158144, guid: 23aa63c44afac2143a765b4ae35fade4, type: 2}
      propertyPath: m_LocalRotation.y
      value: -0
      objectReference: {fileID: 0}
    - target: {fileID: 4000013449158144, guid: 23aa63c44afac2143a765b4ae35fade4, type: 2}
      propertyPath: m_LocalRotation.z
      value: -0
      objectReference: {fileID: 0}
    - target: {fileID: 4000013449158144, guid: 23aa63c44afac2143a765b4ae35fade4, type: 2}
      propertyPath: m_LocalRotation.w
      value: 1
      objectReference: {fileID: 0}
    - target: {fileID: 4000013449158144, guid: 23aa63c44afac2143a765b4ae35fade4, type: 2}
      propertyPath: m_RootOrder
      value: 12
      objectReference: {fileID: 0}
    - target: {fileID: 1000013085559166, guid: 23aa63c44afac2143a765b4ae35fade4, type: 2}
      propertyPath: m_Name
      value: Normal
      objectReference: {fileID: 0}
    m_RemovedComponents: []
  m_ParentPrefab: {fileID: 100100000, guid: 23aa63c44afac2143a765b4ae35fade4, type: 2}
  m_IsPrefabParent: 0
--- !u!4 &936967999 stripped
Transform:
  m_PrefabParentObject: {fileID: 4000013449158144, guid: 23aa63c44afac2143a765b4ae35fade4,
    type: 2}
  m_PrefabInternal: {fileID: 936967998}
--- !u!1001 &948514708
Prefab:
  m_ObjectHideFlags: 0
  serializedVersion: 2
  m_Modification:
    m_TransformParent: {fileID: 334026899}
    m_Modifications:
    - target: {fileID: 4000013449158144, guid: 23aa63c44afac2143a765b4ae35fade4, type: 2}
      propertyPath: m_LocalPosition.x
      value: 2
      objectReference: {fileID: 0}
    - target: {fileID: 4000013449158144, guid: 23aa63c44afac2143a765b4ae35fade4, type: 2}
      propertyPath: m_LocalPosition.y
      value: 0
      objectReference: {fileID: 0}
    - target: {fileID: 4000013449158144, guid: 23aa63c44afac2143a765b4ae35fade4, type: 2}
      propertyPath: m_LocalPosition.z
      value: 3
      objectReference: {fileID: 0}
    - target: {fileID: 4000013449158144, guid: 23aa63c44afac2143a765b4ae35fade4, type: 2}
      propertyPath: m_LocalRotation.x
      value: -0
      objectReference: {fileID: 0}
    - target: {fileID: 4000013449158144, guid: 23aa63c44afac2143a765b4ae35fade4, type: 2}
      propertyPath: m_LocalRotation.y
      value: -0
      objectReference: {fileID: 0}
    - target: {fileID: 4000013449158144, guid: 23aa63c44afac2143a765b4ae35fade4, type: 2}
      propertyPath: m_LocalRotation.z
      value: -0
      objectReference: {fileID: 0}
    - target: {fileID: 4000013449158144, guid: 23aa63c44afac2143a765b4ae35fade4, type: 2}
      propertyPath: m_LocalRotation.w
      value: 1
      objectReference: {fileID: 0}
    - target: {fileID: 4000013449158144, guid: 23aa63c44afac2143a765b4ae35fade4, type: 2}
      propertyPath: m_RootOrder
      value: 4
      objectReference: {fileID: 0}
    - target: {fileID: 1000013085559166, guid: 23aa63c44afac2143a765b4ae35fade4, type: 2}
      propertyPath: m_Name
      value: Normal
      objectReference: {fileID: 0}
    m_RemovedComponents: []
  m_ParentPrefab: {fileID: 100100000, guid: 23aa63c44afac2143a765b4ae35fade4, type: 2}
  m_IsPrefabParent: 0
--- !u!1 &961425489
GameObject:
  m_ObjectHideFlags: 0
  m_PrefabParentObject: {fileID: 1000010482165826, guid: 6655ef8495a4123418b1ceedd30cbf04,
    type: 2}
  m_PrefabInternal: {fileID: 0}
  serializedVersion: 4
  m_Component:
  - 224: {fileID: 961425490}
  - 222: {fileID: 961425493}
  - 114: {fileID: 961425492}
  - 114: {fileID: 961425491}
  m_Layer: 5
  m_Name: ActionButton
  m_TagString: Untagged
  m_Icon: {fileID: 0}
  m_NavMeshLayer: 0
  m_StaticEditorFlags: 0
  m_IsActive: 1
--- !u!224 &961425490
RectTransform:
  m_ObjectHideFlags: 0
  m_PrefabParentObject: {fileID: 224000010342042812, guid: 6655ef8495a4123418b1ceedd30cbf04,
    type: 2}
  m_PrefabInternal: {fileID: 0}
  m_GameObject: {fileID: 961425489}
  m_LocalRotation: {x: -0, y: -0, z: -0, w: 1}
  m_LocalPosition: {x: 0, y: 0, z: 0}
  m_LocalScale: {x: 1, y: 1, z: 1}
  m_LocalEulerAnglesHint: {x: 0, y: 0, z: 0}
  m_Children:
  - {fileID: 2058712658}
  m_Father: {fileID: 634233593}
  m_RootOrder: 0
  m_AnchorMin: {x: 0, y: 0.5}
  m_AnchorMax: {x: 0, y: 0.5}
  m_AnchoredPosition: {x: 120, y: 0}
  m_SizeDelta: {x: 160, y: 100}
  m_Pivot: {x: 0.5, y: 0.5}
--- !u!114 &961425491
MonoBehaviour:
  m_ObjectHideFlags: 0
  m_PrefabParentObject: {fileID: 114000013509735428, guid: 6655ef8495a4123418b1ceedd30cbf04,
    type: 2}
  m_PrefabInternal: {fileID: 0}
  m_GameObject: {fileID: 961425489}
  m_Enabled: 1
  m_EditorHideFlags: 0
  m_Script: {fileID: 1392445389, guid: f5f67c52d1564df4a8936ccd202a3bd8, type: 3}
  m_Name: 
  m_EditorClassIdentifier: 
  m_Navigation:
    m_Mode: 0
    m_SelectOnUp: {fileID: 0}
    m_SelectOnDown: {fileID: 0}
    m_SelectOnLeft: {fileID: 0}
    m_SelectOnRight: {fileID: 0}
  m_Transition: 1
  m_Colors:
    m_NormalColor: {r: 1, g: 1, b: 1, a: 1}
    m_HighlightedColor: {r: 0.9607843, g: 0.9607843, b: 0.9607843, a: 1}
    m_PressedColor: {r: 0.78431374, g: 0.78431374, b: 0.78431374, a: 1}
    m_DisabledColor: {r: 0.78431374, g: 0.78431374, b: 0.78431374, a: 0.5019608}
    m_ColorMultiplier: 1
    m_FadeDuration: 0.1
  m_SpriteState:
    m_HighlightedSprite: {fileID: 0}
    m_PressedSprite: {fileID: 0}
    m_DisabledSprite: {fileID: 0}
  m_AnimationTriggers:
    m_NormalTrigger: Normal
    m_HighlightedTrigger: Highlighted
    m_PressedTrigger: Pressed
    m_DisabledTrigger: Disabled
  m_Interactable: 1
  m_TargetGraphic: {fileID: 961425492}
  m_OnClick:
    m_PersistentCalls:
      m_Calls:
      - m_Target: {fileID: 390968466}
        m_MethodName: GameStateButtonPress
        m_Mode: 1
        m_Arguments:
          m_ObjectArgument: {fileID: 0}
          m_ObjectArgumentAssemblyTypeName: UnityEngine.Object, UnityEngine
          m_IntArgument: 0
          m_FloatArgument: 0
          m_StringArgument: 
          m_BoolArgument: 0
        m_CallState: 2
    m_TypeName: UnityEngine.UI.Button+ButtonClickedEvent, UnityEngine.UI, Version=1.0.0.0,
      Culture=neutral, PublicKeyToken=null
--- !u!114 &961425492
MonoBehaviour:
  m_ObjectHideFlags: 0
  m_PrefabParentObject: {fileID: 114000010902498498, guid: 6655ef8495a4123418b1ceedd30cbf04,
    type: 2}
  m_PrefabInternal: {fileID: 0}
  m_GameObject: {fileID: 961425489}
  m_Enabled: 1
  m_EditorHideFlags: 0
  m_Script: {fileID: -765806418, guid: f5f67c52d1564df4a8936ccd202a3bd8, type: 3}
  m_Name: 
  m_EditorClassIdentifier: 
  m_Material: {fileID: 0}
  m_Color: {r: 1, g: 1, b: 1, a: 1}
  m_RaycastTarget: 1
  m_OnCullStateChanged:
    m_PersistentCalls:
      m_Calls: []
    m_TypeName: UnityEngine.UI.MaskableGraphic+CullStateChangedEvent, UnityEngine.UI,
      Version=1.0.0.0, Culture=neutral, PublicKeyToken=null
  m_Sprite: {fileID: 21300000, guid: 10e368057426f534f8988964221febfb, type: 3}
  m_Type: 0
  m_PreserveAspect: 0
  m_FillCenter: 1
  m_FillMethod: 4
  m_FillAmount: 1
  m_FillClockwise: 1
  m_FillOrigin: 0
--- !u!222 &961425493
CanvasRenderer:
  m_ObjectHideFlags: 0
  m_PrefabParentObject: {fileID: 222000012542461280, guid: 6655ef8495a4123418b1ceedd30cbf04,
    type: 2}
  m_PrefabInternal: {fileID: 0}
  m_GameObject: {fileID: 961425489}
--- !u!1001 &1049294831
Prefab:
  m_ObjectHideFlags: 0
  serializedVersion: 2
  m_Modification:
    m_TransformParent: {fileID: 334026899}
    m_Modifications:
    - target: {fileID: 4000013449158144, guid: 23aa63c44afac2143a765b4ae35fade4, type: 2}
      propertyPath: m_LocalPosition.x
      value: 3
      objectReference: {fileID: 0}
    - target: {fileID: 4000013449158144, guid: 23aa63c44afac2143a765b4ae35fade4, type: 2}
      propertyPath: m_LocalPosition.y
      value: 0
      objectReference: {fileID: 0}
    - target: {fileID: 4000013449158144, guid: 23aa63c44afac2143a765b4ae35fade4, type: 2}
      propertyPath: m_LocalPosition.z
      value: 0
      objectReference: {fileID: 0}
    - target: {fileID: 4000013449158144, guid: 23aa63c44afac2143a765b4ae35fade4, type: 2}
      propertyPath: m_LocalRotation.x
      value: -0
      objectReference: {fileID: 0}
    - target: {fileID: 4000013449158144, guid: 23aa63c44afac2143a765b4ae35fade4, type: 2}
      propertyPath: m_LocalRotation.y
      value: -0
      objectReference: {fileID: 0}
    - target: {fileID: 4000013449158144, guid: 23aa63c44afac2143a765b4ae35fade4, type: 2}
      propertyPath: m_LocalRotation.z
      value: -0
      objectReference: {fileID: 0}
    - target: {fileID: 4000013449158144, guid: 23aa63c44afac2143a765b4ae35fade4, type: 2}
      propertyPath: m_LocalRotation.w
      value: 1
      objectReference: {fileID: 0}
    - target: {fileID: 4000013449158144, guid: 23aa63c44afac2143a765b4ae35fade4, type: 2}
      propertyPath: m_RootOrder
      value: 3
      objectReference: {fileID: 0}
    - target: {fileID: 1000013085559166, guid: 23aa63c44afac2143a765b4ae35fade4, type: 2}
      propertyPath: m_Name
      value: Normal
      objectReference: {fileID: 0}
    m_RemovedComponents: []
  m_ParentPrefab: {fileID: 100100000, guid: 23aa63c44afac2143a765b4ae35fade4, type: 2}
  m_IsPrefabParent: 0
--- !u!1001 &1059963956
Prefab:
  m_ObjectHideFlags: 0
  serializedVersion: 2
  m_Modification:
    m_TransformParent: {fileID: 334026899}
    m_Modifications:
    - target: {fileID: 4000013449158144, guid: 23aa63c44afac2143a765b4ae35fade4, type: 2}
      propertyPath: m_LocalPosition.x
      value: 1
      objectReference: {fileID: 0}
    - target: {fileID: 4000013449158144, guid: 23aa63c44afac2143a765b4ae35fade4, type: 2}
      propertyPath: m_LocalPosition.y
      value: 0
      objectReference: {fileID: 0}
    - target: {fileID: 4000013449158144, guid: 23aa63c44afac2143a765b4ae35fade4, type: 2}
      propertyPath: m_LocalPosition.z
      value: 3
      objectReference: {fileID: 0}
    - target: {fileID: 4000013449158144, guid: 23aa63c44afac2143a765b4ae35fade4, type: 2}
      propertyPath: m_LocalRotation.x
      value: -0
      objectReference: {fileID: 0}
    - target: {fileID: 4000013449158144, guid: 23aa63c44afac2143a765b4ae35fade4, type: 2}
      propertyPath: m_LocalRotation.y
      value: -0
      objectReference: {fileID: 0}
    - target: {fileID: 4000013449158144, guid: 23aa63c44afac2143a765b4ae35fade4, type: 2}
      propertyPath: m_LocalRotation.z
      value: -0
      objectReference: {fileID: 0}
    - target: {fileID: 4000013449158144, guid: 23aa63c44afac2143a765b4ae35fade4, type: 2}
      propertyPath: m_LocalRotation.w
      value: 1
      objectReference: {fileID: 0}
    - target: {fileID: 4000013449158144, guid: 23aa63c44afac2143a765b4ae35fade4, type: 2}
      propertyPath: m_RootOrder
      value: 8
      objectReference: {fileID: 0}
    - target: {fileID: 1000013085559166, guid: 23aa63c44afac2143a765b4ae35fade4, type: 2}
      propertyPath: m_Name
      value: Normal
      objectReference: {fileID: 0}
    m_RemovedComponents: []
  m_ParentPrefab: {fileID: 100100000, guid: 23aa63c44afac2143a765b4ae35fade4, type: 2}
  m_IsPrefabParent: 0
--- !u!4 &1059963957 stripped
Transform:
  m_PrefabParentObject: {fileID: 4000013449158144, guid: 23aa63c44afac2143a765b4ae35fade4,
    type: 2}
  m_PrefabInternal: {fileID: 1059963956}
--- !u!1001 &1084682408
Prefab:
  m_ObjectHideFlags: 0
  serializedVersion: 2
  m_Modification:
    m_TransformParent: {fileID: 334026899}
    m_Modifications:
    - target: {fileID: 4000010740056424, guid: 2d3b9fdd20f8fb943a5dfbc04b8f6f7b, type: 2}
      propertyPath: m_LocalPosition.x
      value: 0
      objectReference: {fileID: 0}
    - target: {fileID: 4000010740056424, guid: 2d3b9fdd20f8fb943a5dfbc04b8f6f7b, type: 2}
      propertyPath: m_LocalPosition.y
      value: 0
      objectReference: {fileID: 0}
    - target: {fileID: 4000010740056424, guid: 2d3b9fdd20f8fb943a5dfbc04b8f6f7b, type: 2}
      propertyPath: m_LocalPosition.z
      value: 0
      objectReference: {fileID: 0}
    - target: {fileID: 4000010740056424, guid: 2d3b9fdd20f8fb943a5dfbc04b8f6f7b, type: 2}
      propertyPath: m_LocalRotation.x
      value: -0
      objectReference: {fileID: 0}
    - target: {fileID: 4000010740056424, guid: 2d3b9fdd20f8fb943a5dfbc04b8f6f7b, type: 2}
      propertyPath: m_LocalRotation.y
      value: -0
      objectReference: {fileID: 0}
    - target: {fileID: 4000010740056424, guid: 2d3b9fdd20f8fb943a5dfbc04b8f6f7b, type: 2}
      propertyPath: m_LocalRotation.z
      value: -0
      objectReference: {fileID: 0}
    - target: {fileID: 4000010740056424, guid: 2d3b9fdd20f8fb943a5dfbc04b8f6f7b, type: 2}
      propertyPath: m_LocalRotation.w
      value: 1
      objectReference: {fileID: 0}
    - target: {fileID: 4000010740056424, guid: 2d3b9fdd20f8fb943a5dfbc04b8f6f7b, type: 2}
      propertyPath: m_RootOrder
      value: 0
      objectReference: {fileID: 0}
    m_RemovedComponents: []
  m_ParentPrefab: {fileID: 100100000, guid: 2d3b9fdd20f8fb943a5dfbc04b8f6f7b, type: 2}
  m_IsPrefabParent: 0
--- !u!4 &1084682409 stripped
Transform:
  m_PrefabParentObject: {fileID: 4000010740056424, guid: 2d3b9fdd20f8fb943a5dfbc04b8f6f7b,
    type: 2}
  m_PrefabInternal: {fileID: 1084682408}
--- !u!1001 &1118115629
Prefab:
  m_ObjectHideFlags: 0
  serializedVersion: 2
  m_Modification:
    m_TransformParent: {fileID: 334026899}
    m_Modifications:
    - target: {fileID: 4000013449158144, guid: 23aa63c44afac2143a765b4ae35fade4, type: 2}
      propertyPath: m_LocalPosition.x
      value: 3
      objectReference: {fileID: 0}
    - target: {fileID: 4000013449158144, guid: 23aa63c44afac2143a765b4ae35fade4, type: 2}
      propertyPath: m_LocalPosition.y
      value: 0
      objectReference: {fileID: 0}
    - target: {fileID: 4000013449158144, guid: 23aa63c44afac2143a765b4ae35fade4, type: 2}
      propertyPath: m_LocalPosition.z
      value: 3
      objectReference: {fileID: 0}
    - target: {fileID: 4000013449158144, guid: 23aa63c44afac2143a765b4ae35fade4, type: 2}
      propertyPath: m_LocalRotation.x
      value: -0
      objectReference: {fileID: 0}
    - target: {fileID: 4000013449158144, guid: 23aa63c44afac2143a765b4ae35fade4, type: 2}
      propertyPath: m_LocalRotation.y
      value: -0
      objectReference: {fileID: 0}
    - target: {fileID: 4000013449158144, guid: 23aa63c44afac2143a765b4ae35fade4, type: 2}
      propertyPath: m_LocalRotation.z
      value: -0
      objectReference: {fileID: 0}
    - target: {fileID: 4000013449158144, guid: 23aa63c44afac2143a765b4ae35fade4, type: 2}
      propertyPath: m_LocalRotation.w
      value: 1
      objectReference: {fileID: 0}
    - target: {fileID: 4000013449158144, guid: 23aa63c44afac2143a765b4ae35fade4, type: 2}
      propertyPath: m_RootOrder
      value: 5
      objectReference: {fileID: 0}
    - target: {fileID: 1000013085559166, guid: 23aa63c44afac2143a765b4ae35fade4, type: 2}
      propertyPath: m_Name
      value: Normal
      objectReference: {fileID: 0}
    m_RemovedComponents: []
  m_ParentPrefab: {fileID: 100100000, guid: 23aa63c44afac2143a765b4ae35fade4, type: 2}
  m_IsPrefabParent: 0
--- !u!4 &1118115630 stripped
Transform:
  m_PrefabParentObject: {fileID: 4000013449158144, guid: 23aa63c44afac2143a765b4ae35fade4,
    type: 2}
  m_PrefabInternal: {fileID: 1118115629}
--- !u!1 &1125722300
GameObject:
  m_ObjectHideFlags: 0
  m_PrefabParentObject: {fileID: 1000012128194460, guid: 6655ef8495a4123418b1ceedd30cbf04,
    type: 2}
  m_PrefabInternal: {fileID: 0}
  serializedVersion: 4
  m_Component:
  - 224: {fileID: 1125722304}
  - 222: {fileID: 1125722303}
  - 114: {fileID: 1125722302}
  - 114: {fileID: 1125722301}
  m_Layer: 5
  m_Name: TurnLeft
  m_TagString: TurnLeft
  m_Icon: {fileID: 0}
  m_NavMeshLayer: 0
  m_StaticEditorFlags: 0
  m_IsActive: 1
--- !u!114 &1125722301
MonoBehaviour:
  m_ObjectHideFlags: 0
  m_PrefabParentObject: {fileID: 114000014030933496, guid: 6655ef8495a4123418b1ceedd30cbf04,
    type: 2}
  m_PrefabInternal: {fileID: 0}
  m_GameObject: {fileID: 1125722300}
  m_Enabled: 1
  m_EditorHideFlags: 0
  m_Script: {fileID: 1392445389, guid: f5f67c52d1564df4a8936ccd202a3bd8, type: 3}
  m_Name: 
  m_EditorClassIdentifier: 
  m_Navigation:
    m_Mode: 3
    m_SelectOnUp: {fileID: 0}
    m_SelectOnDown: {fileID: 0}
    m_SelectOnLeft: {fileID: 0}
    m_SelectOnRight: {fileID: 0}
  m_Transition: 1
  m_Colors:
    m_NormalColor: {r: 1, g: 1, b: 1, a: 1}
    m_HighlightedColor: {r: 0.9607843, g: 0.9607843, b: 0.9607843, a: 1}
    m_PressedColor: {r: 0.78431374, g: 0.78431374, b: 0.78431374, a: 1}
    m_DisabledColor: {r: 0.78431374, g: 0.78431374, b: 0.78431374, a: 0.5019608}
    m_ColorMultiplier: 1
    m_FadeDuration: 0.1
  m_SpriteState:
    m_HighlightedSprite: {fileID: 0}
    m_PressedSprite: {fileID: 0}
    m_DisabledSprite: {fileID: 0}
  m_AnimationTriggers:
    m_NormalTrigger: Normal
    m_HighlightedTrigger: Highlighted
    m_PressedTrigger: Pressed
    m_DisabledTrigger: Disabled
  m_Interactable: 1
  m_TargetGraphic: {fileID: 1125722302}
  m_OnClick:
    m_PersistentCalls:
      m_Calls:
      - m_Target: {fileID: 390968466}
        m_MethodName: ChangeSelectedTile
        m_Mode: 3
        m_Arguments:
          m_ObjectArgument: {fileID: 0}
          m_ObjectArgumentAssemblyTypeName: UnityEngine.Object, UnityEngine
          m_IntArgument: 0
          m_FloatArgument: 0
          m_StringArgument: 
          m_BoolArgument: 0
        m_CallState: 2
    m_TypeName: UnityEngine.UI.Button+ButtonClickedEvent, UnityEngine.UI, Version=1.0.0.0,
      Culture=neutral, PublicKeyToken=null
--- !u!114 &1125722302
MonoBehaviour:
  m_ObjectHideFlags: 0
  m_PrefabParentObject: {fileID: 114000014163876012, guid: 6655ef8495a4123418b1ceedd30cbf04,
    type: 2}
  m_PrefabInternal: {fileID: 0}
  m_GameObject: {fileID: 1125722300}
  m_Enabled: 1
  m_EditorHideFlags: 0
  m_Script: {fileID: -765806418, guid: f5f67c52d1564df4a8936ccd202a3bd8, type: 3}
  m_Name: 
  m_EditorClassIdentifier: 
  m_Material: {fileID: 0}
  m_Color: {r: 0, g: 0, b: 0, a: 1}
  m_RaycastTarget: 1
  m_OnCullStateChanged:
    m_PersistentCalls:
      m_Calls: []
    m_TypeName: UnityEngine.UI.MaskableGraphic+CullStateChangedEvent, UnityEngine.UI,
      Version=1.0.0.0, Culture=neutral, PublicKeyToken=null
  m_Sprite: {fileID: 0}
  m_Type: 0
  m_PreserveAspect: 0
  m_FillCenter: 1
  m_FillMethod: 4
  m_FillAmount: 1
  m_FillClockwise: 1
  m_FillOrigin: 0
--- !u!222 &1125722303
CanvasRenderer:
  m_ObjectHideFlags: 0
  m_PrefabParentObject: {fileID: 222000011435381458, guid: 6655ef8495a4123418b1ceedd30cbf04,
    type: 2}
  m_PrefabInternal: {fileID: 0}
  m_GameObject: {fileID: 1125722300}
--- !u!224 &1125722304
RectTransform:
  m_ObjectHideFlags: 0
  m_PrefabParentObject: {fileID: 224000012328476610, guid: 6655ef8495a4123418b1ceedd30cbf04,
    type: 2}
  m_PrefabInternal: {fileID: 0}
  m_GameObject: {fileID: 1125722300}
  m_LocalRotation: {x: -0, y: -0, z: -0, w: 1}
  m_LocalPosition: {x: 0, y: 0, z: 0}
  m_LocalScale: {x: 1, y: 1, z: 1}
  m_LocalEulerAnglesHint: {x: 0, y: 0, z: 0}
  m_Children:
  - {fileID: 1396577060}
  - {fileID: 857290742}
  m_Father: {fileID: 634233593}
  m_RootOrder: 1
  m_AnchorMin: {x: 0, y: 0.5}
  m_AnchorMax: {x: 0, y: 0.5}
  m_AnchoredPosition: {x: 300, y: 36}
  m_SizeDelta: {x: 60, y: 60}
  m_Pivot: {x: 0.5, y: 0.5}
--- !u!1 &1144467132
GameObject:
  m_ObjectHideFlags: 0
  m_PrefabParentObject: {fileID: 0}
  m_PrefabInternal: {fileID: 0}
  serializedVersion: 4
  m_Component:
  - 224: {fileID: 1144467133}
  - 222: {fileID: 1144467135}
  - 114: {fileID: 1144467134}
  m_Layer: 5
  m_Name: Tip_2
  m_TagString: Untagged
  m_Icon: {fileID: 0}
  m_NavMeshLayer: 0
  m_StaticEditorFlags: 0
  m_IsActive: 0
--- !u!224 &1144467133
RectTransform:
  m_ObjectHideFlags: 0
  m_PrefabParentObject: {fileID: 0}
  m_PrefabInternal: {fileID: 0}
  m_GameObject: {fileID: 1144467132}
  m_LocalRotation: {x: -0, y: -0, z: -0, w: 1}
  m_LocalPosition: {x: 0, y: 0, z: 0}
  m_LocalScale: {x: 0.945, y: 0.945, z: 1}
  m_LocalEulerAnglesHint: {x: 0, y: 0, z: 0}
  m_Children:
  - {fileID: 639603447}
  m_Father: {fileID: 1489864278}
  m_RootOrder: 1
  m_AnchorMin: {x: 0.5, y: 0.5}
  m_AnchorMax: {x: 0.5, y: 0.5}
  m_AnchoredPosition: {x: -110.1, y: -338.8}
  m_SizeDelta: {x: 160, y: 100}
  m_Pivot: {x: 0.5, y: 0.5}
--- !u!114 &1144467134
MonoBehaviour:
  m_ObjectHideFlags: 0
  m_PrefabParentObject: {fileID: 0}
  m_PrefabInternal: {fileID: 0}
  m_GameObject: {fileID: 1144467132}
  m_Enabled: 1
  m_EditorHideFlags: 0
  m_Script: {fileID: -765806418, guid: f5f67c52d1564df4a8936ccd202a3bd8, type: 3}
  m_Name: 
  m_EditorClassIdentifier: 
  m_Material: {fileID: 0}
  m_Color: {r: 1, g: 1, b: 1, a: 1}
  m_RaycastTarget: 0
  m_OnCullStateChanged:
    m_PersistentCalls:
      m_Calls: []
    m_TypeName: UnityEngine.UI.MaskableGraphic+CullStateChangedEvent, UnityEngine.UI,
      Version=1.0.0.0, Culture=neutral, PublicKeyToken=null
  m_Sprite: {fileID: 21300000, guid: fb930dca5d6393a43832ccc7cdd5b6d0, type: 3}
  m_Type: 0
  m_PreserveAspect: 0
  m_FillCenter: 1
  m_FillMethod: 4
  m_FillAmount: 1
  m_FillClockwise: 1
  m_FillOrigin: 0
--- !u!222 &1144467135
CanvasRenderer:
  m_ObjectHideFlags: 0
  m_PrefabParentObject: {fileID: 0}
  m_PrefabInternal: {fileID: 0}
  m_GameObject: {fileID: 1144467132}
--- !u!1001 &1167241439
Prefab:
  m_ObjectHideFlags: 0
  serializedVersion: 2
  m_Modification:
    m_TransformParent: {fileID: 604808708}
    m_Modifications:
    - target: {fileID: 4000011374930064, guid: 43b4dde55be6a384ba9cf28297b1981f, type: 2}
      propertyPath: m_LocalPosition.x
      value: 1
      objectReference: {fileID: 0}
    - target: {fileID: 4000011374930064, guid: 43b4dde55be6a384ba9cf28297b1981f, type: 2}
      propertyPath: m_LocalPosition.y
      value: 0.5
      objectReference: {fileID: 0}
    - target: {fileID: 4000011374930064, guid: 43b4dde55be6a384ba9cf28297b1981f, type: 2}
      propertyPath: m_LocalPosition.z
      value: 1
      objectReference: {fileID: 0}
    - target: {fileID: 4000011374930064, guid: 43b4dde55be6a384ba9cf28297b1981f, type: 2}
      propertyPath: m_LocalRotation.x
      value: -0
      objectReference: {fileID: 0}
    - target: {fileID: 4000011374930064, guid: 43b4dde55be6a384ba9cf28297b1981f, type: 2}
      propertyPath: m_LocalRotation.y
      value: -0
      objectReference: {fileID: 0}
    - target: {fileID: 4000011374930064, guid: 43b4dde55be6a384ba9cf28297b1981f, type: 2}
      propertyPath: m_LocalRotation.z
      value: 0.7071068
      objectReference: {fileID: 0}
    - target: {fileID: 4000011374930064, guid: 43b4dde55be6a384ba9cf28297b1981f, type: 2}
      propertyPath: m_LocalRotation.w
      value: 0.7071068
      objectReference: {fileID: 0}
    - target: {fileID: 4000011374930064, guid: 43b4dde55be6a384ba9cf28297b1981f, type: 2}
      propertyPath: m_RootOrder
      value: 0
      objectReference: {fileID: 0}
    m_RemovedComponents: []
  m_ParentPrefab: {fileID: 100100000, guid: 43b4dde55be6a384ba9cf28297b1981f, type: 2}
  m_IsPrefabParent: 0
--- !u!4 &1167241440 stripped
Transform:
  m_PrefabParentObject: {fileID: 4000011374930064, guid: 43b4dde55be6a384ba9cf28297b1981f,
    type: 2}
  m_PrefabInternal: {fileID: 1167241439}
--- !u!4 &1252224981 stripped
Transform:
  m_PrefabParentObject: {fileID: 4000013449158144, guid: 23aa63c44afac2143a765b4ae35fade4,
    type: 2}
  m_PrefabInternal: {fileID: 646201797}
--- !u!4 &1319998894 stripped
Transform:
  m_PrefabParentObject: {fileID: 4000012563459444, guid: f4bd1f890d7f5c14e9d7c8111f5b8fca,
    type: 2}
  m_PrefabInternal: {fileID: 73901349}
--- !u!1 &1347529935
GameObject:
  m_ObjectHideFlags: 0
  m_PrefabParentObject: {fileID: 1000012414059400, guid: 6655ef8495a4123418b1ceedd30cbf04,
    type: 2}
  m_PrefabInternal: {fileID: 0}
  serializedVersion: 4
  m_Component:
  - 224: {fileID: 1347529936}
  - 222: {fileID: 1347529938}
  - 114: {fileID: 1347529937}
  m_Layer: 5
  m_Name: Cost
  m_TagString: Untagged
  m_Icon: {fileID: 0}
  m_NavMeshLayer: 0
  m_StaticEditorFlags: 0
  m_IsActive: 1
--- !u!224 &1347529936
RectTransform:
  m_ObjectHideFlags: 0
  m_PrefabParentObject: {fileID: 224000012729120976, guid: 6655ef8495a4123418b1ceedd30cbf04,
    type: 2}
  m_PrefabInternal: {fileID: 0}
  m_GameObject: {fileID: 1347529935}
  m_LocalRotation: {x: -0, y: -0, z: -0, w: 1}
  m_LocalPosition: {x: 0, y: 0, z: 0}
  m_LocalScale: {x: 1, y: 1, z: 1}
  m_LocalEulerAnglesHint: {x: 0, y: 0, z: 0}
  m_Children:
  - {fileID: 1843858884}
  m_Father: {fileID: 760166709}
  m_RootOrder: 1
  m_AnchorMin: {x: 0.5, y: 0}
  m_AnchorMax: {x: 0.5, y: 0}
  m_AnchoredPosition: {x: 0, y: 0}
  m_SizeDelta: {x: 60, y: 20}
  m_Pivot: {x: 0.5, y: 1}
--- !u!114 &1347529937
MonoBehaviour:
  m_ObjectHideFlags: 0
  m_PrefabParentObject: {fileID: 114000012153088826, guid: 6655ef8495a4123418b1ceedd30cbf04,
    type: 2}
  m_PrefabInternal: {fileID: 0}
  m_GameObject: {fileID: 1347529935}
  m_Enabled: 1
  m_EditorHideFlags: 0
  m_Script: {fileID: -765806418, guid: f5f67c52d1564df4a8936ccd202a3bd8, type: 3}
  m_Name: 
  m_EditorClassIdentifier: 
  m_Material: {fileID: 0}
  m_Color: {r: 0, g: 0, b: 0, a: 1}
  m_RaycastTarget: 1
  m_OnCullStateChanged:
    m_PersistentCalls:
      m_Calls: []
    m_TypeName: UnityEngine.UI.MaskableGraphic+CullStateChangedEvent, UnityEngine.UI,
      Version=1.0.0.0, Culture=neutral, PublicKeyToken=null
  m_Sprite: {fileID: 10907, guid: 0000000000000000f000000000000000, type: 0}
  m_Type: 1
  m_PreserveAspect: 0
  m_FillCenter: 1
  m_FillMethod: 4
  m_FillAmount: 1
  m_FillClockwise: 1
  m_FillOrigin: 0
--- !u!222 &1347529938
CanvasRenderer:
  m_ObjectHideFlags: 0
  m_PrefabParentObject: {fileID: 222000011114132976, guid: 6655ef8495a4123418b1ceedd30cbf04,
    type: 2}
  m_PrefabInternal: {fileID: 0}
  m_GameObject: {fileID: 1347529935}
--- !u!1 &1396577059
GameObject:
  m_ObjectHideFlags: 0
  m_PrefabParentObject: {fileID: 1000010480046546, guid: 6655ef8495a4123418b1ceedd30cbf04,
    type: 2}
  m_PrefabInternal: {fileID: 0}
  serializedVersion: 4
  m_Component:
  - 224: {fileID: 1396577060}
  - 222: {fileID: 1396577062}
  - 114: {fileID: 1396577061}
  m_Layer: 5
  m_Name: Image
  m_TagString: Untagged
  m_Icon: {fileID: 0}
  m_NavMeshLayer: 0
  m_StaticEditorFlags: 0
  m_IsActive: 1
--- !u!224 &1396577060
RectTransform:
  m_ObjectHideFlags: 0
  m_PrefabParentObject: {fileID: 224000010746225196, guid: 6655ef8495a4123418b1ceedd30cbf04,
    type: 2}
  m_PrefabInternal: {fileID: 0}
  m_GameObject: {fileID: 1396577059}
  m_LocalRotation: {x: 0, y: 0, z: 0, w: 1}
  m_LocalPosition: {x: 0, y: 0, z: 0}
  m_LocalScale: {x: 1, y: 1, z: 1}
  m_LocalEulerAnglesHint: {x: 0, y: 0, z: 0}
  m_Children: []
  m_Father: {fileID: 1125722304}
  m_RootOrder: 0
  m_AnchorMin: {x: 0.5, y: 0.5}
  m_AnchorMax: {x: 0.5, y: 0.5}
  m_AnchoredPosition: {x: 0, y: 0}
  m_SizeDelta: {x: 50, y: 50}
  m_Pivot: {x: 0.5, y: 0.5}
--- !u!114 &1396577061
MonoBehaviour:
  m_ObjectHideFlags: 0
  m_PrefabParentObject: {fileID: 114000012885412438, guid: 6655ef8495a4123418b1ceedd30cbf04,
    type: 2}
  m_PrefabInternal: {fileID: 0}
  m_GameObject: {fileID: 1396577059}
  m_Enabled: 1
  m_EditorHideFlags: 0
  m_Script: {fileID: -765806418, guid: f5f67c52d1564df4a8936ccd202a3bd8, type: 3}
  m_Name: 
  m_EditorClassIdentifier: 
  m_Material: {fileID: 0}
  m_Color: {r: 1, g: 1, b: 1, a: 1}
  m_RaycastTarget: 1
  m_OnCullStateChanged:
    m_PersistentCalls:
      m_Calls: []
    m_TypeName: UnityEngine.UI.MaskableGraphic+CullStateChangedEvent, UnityEngine.UI,
      Version=1.0.0.0, Culture=neutral, PublicKeyToken=null
  m_Sprite: {fileID: 21300000, guid: fb335c17556db0048ae4cf3a1b036d2f, type: 3}
  m_Type: 0
  m_PreserveAspect: 0
  m_FillCenter: 1
  m_FillMethod: 4
  m_FillAmount: 1
  m_FillClockwise: 1
  m_FillOrigin: 0
--- !u!222 &1396577062
CanvasRenderer:
  m_ObjectHideFlags: 0
  m_PrefabParentObject: {fileID: 222000010164319834, guid: 6655ef8495a4123418b1ceedd30cbf04,
    type: 2}
  m_PrefabInternal: {fileID: 0}
  m_GameObject: {fileID: 1396577059}
--- !u!1001 &1398915742
Prefab:
  m_ObjectHideFlags: 0
  serializedVersion: 2
  m_Modification:
    m_TransformParent: {fileID: 334026899}
    m_Modifications:
    - target: {fileID: 4000013449158144, guid: 23aa63c44afac2143a765b4ae35fade4, type: 2}
      propertyPath: m_LocalPosition.x
      value: 4
      objectReference: {fileID: 0}
    - target: {fileID: 4000013449158144, guid: 23aa63c44afac2143a765b4ae35fade4, type: 2}
      propertyPath: m_LocalPosition.y
      value: 0
      objectReference: {fileID: 0}
    - target: {fileID: 4000013449158144, guid: 23aa63c44afac2143a765b4ae35fade4, type: 2}
      propertyPath: m_LocalPosition.z
      value: 1
      objectReference: {fileID: 0}
    - target: {fileID: 4000013449158144, guid: 23aa63c44afac2143a765b4ae35fade4, type: 2}
      propertyPath: m_LocalRotation.x
      value: -0
      objectReference: {fileID: 0}
    - target: {fileID: 4000013449158144, guid: 23aa63c44afac2143a765b4ae35fade4, type: 2}
      propertyPath: m_LocalRotation.y
      value: -0
      objectReference: {fileID: 0}
    - target: {fileID: 4000013449158144, guid: 23aa63c44afac2143a765b4ae35fade4, type: 2}
      propertyPath: m_LocalRotation.z
      value: -0
      objectReference: {fileID: 0}
    - target: {fileID: 4000013449158144, guid: 23aa63c44afac2143a765b4ae35fade4, type: 2}
      propertyPath: m_LocalRotation.w
      value: 1
      objectReference: {fileID: 0}
    - target: {fileID: 4000013449158144, guid: 23aa63c44afac2143a765b4ae35fade4, type: 2}
      propertyPath: m_RootOrder
      value: 11
      objectReference: {fileID: 0}
    - target: {fileID: 1000013085559166, guid: 23aa63c44afac2143a765b4ae35fade4, type: 2}
      propertyPath: m_Name
      value: Normal
      objectReference: {fileID: 0}
    m_RemovedComponents: []
  m_ParentPrefab: {fileID: 100100000, guid: 23aa63c44afac2143a765b4ae35fade4, type: 2}
  m_IsPrefabParent: 0
--- !u!4 &1398915743 stripped
Transform:
  m_PrefabParentObject: {fileID: 4000013449158144, guid: 23aa63c44afac2143a765b4ae35fade4,
    type: 2}
  m_PrefabInternal: {fileID: 1398915742}
--- !u!1 &1489864277
GameObject:
  m_ObjectHideFlags: 0
  m_PrefabParentObject: {fileID: 0}
  m_PrefabInternal: {fileID: 0}
  serializedVersion: 4
  m_Component:
  - 224: {fileID: 1489864278}
  - 223: {fileID: 1489864281}
  - 114: {fileID: 1489864280}
  - 114: {fileID: 1489864279}
  m_Layer: 5
  m_Name: Tutorial
  m_TagString: Untagged
  m_Icon: {fileID: 0}
  m_NavMeshLayer: 0
  m_StaticEditorFlags: 0
  m_IsActive: 1
--- !u!224 &1489864278
RectTransform:
  m_ObjectHideFlags: 0
  m_PrefabParentObject: {fileID: 0}
  m_PrefabInternal: {fileID: 0}
  m_GameObject: {fileID: 1489864277}
  m_LocalRotation: {x: -0, y: -0, z: -0, w: 1}
  m_LocalPosition: {x: 0, y: 0, z: 0}
  m_LocalScale: {x: 1, y: 1, z: 1}
  m_LocalEulerAnglesHint: {x: 0, y: 0, z: 0}
  m_Children:
  - {fileID: 1666618417}
  - {fileID: 1144467133}
  - {fileID: 541073459}
  m_Father: {fileID: 1760940031}
  m_RootOrder: 2
  m_AnchorMin: {x: 0, y: 0}
  m_AnchorMax: {x: 0, y: 0}
  m_AnchoredPosition: {x: 148, y: 302.5}
  m_SizeDelta: {x: 296, y: 605}
  m_Pivot: {x: 0.5, y: 0.5}
--- !u!114 &1489864279
MonoBehaviour:
  m_ObjectHideFlags: 0
  m_PrefabParentObject: {fileID: 0}
  m_PrefabInternal: {fileID: 0}
  m_GameObject: {fileID: 1489864277}
  m_Enabled: 1
  m_EditorHideFlags: 0
  m_Script: {fileID: 1301386320, guid: f5f67c52d1564df4a8936ccd202a3bd8, type: 3}
  m_Name: 
  m_EditorClassIdentifier: 
  m_IgnoreReversedGraphics: 1
  m_BlockingObjects: 0
  m_BlockingMask:
    serializedVersion: 2
    m_Bits: 4294967295
--- !u!114 &1489864280
MonoBehaviour:
  m_ObjectHideFlags: 0
  m_PrefabParentObject: {fileID: 0}
  m_PrefabInternal: {fileID: 0}
  m_GameObject: {fileID: 1489864277}
  m_Enabled: 1
  m_EditorHideFlags: 0
  m_Script: {fileID: 1980459831, guid: f5f67c52d1564df4a8936ccd202a3bd8, type: 3}
  m_Name: 
  m_EditorClassIdentifier: 
  m_UiScaleMode: 1
  m_ReferencePixelsPerUnit: 100
  m_ScaleFactor: 1
  m_ReferenceResolution: {x: 800, y: 600}
  m_ScreenMatchMode: 0
  m_MatchWidthOrHeight: 0
  m_PhysicalUnit: 3
  m_FallbackScreenDPI: 96
  m_DefaultSpriteDPI: 96
  m_DynamicPixelsPerUnit: 1
--- !u!223 &1489864281
Canvas:
  m_ObjectHideFlags: 0
  m_PrefabParentObject: {fileID: 0}
  m_PrefabInternal: {fileID: 0}
  m_GameObject: {fileID: 1489864277}
  m_Enabled: 1
  serializedVersion: 2
  m_RenderMode: 0
  m_Camera: {fileID: 0}
  m_PlaneDistance: 100
  m_PixelPerfect: 0
  m_ReceivesEvents: 1
  m_OverrideSorting: 0
  m_OverridePixelPerfect: 0
  m_SortingBucketNormalizedSize: 0
  m_SortingLayerID: 0
  m_SortingOrder: 0
  m_TargetDisplay: 0
--- !u!1001 &1542180879
Prefab:
  m_ObjectHideFlags: 0
  serializedVersion: 2
  m_Modification:
    m_TransformParent: {fileID: 334026899}
    m_Modifications:
    - target: {fileID: 4000013449158144, guid: 23aa63c44afac2143a765b4ae35fade4, type: 2}
      propertyPath: m_LocalPosition.x
      value: 1
      objectReference: {fileID: 0}
    - target: {fileID: 4000013449158144, guid: 23aa63c44afac2143a765b4ae35fade4, type: 2}
      propertyPath: m_LocalPosition.y
      value: 0
      objectReference: {fileID: 0}
    - target: {fileID: 4000013449158144, guid: 23aa63c44afac2143a765b4ae35fade4, type: 2}
      propertyPath: m_LocalPosition.z
      value: 1
      objectReference: {fileID: 0}
    - target: {fileID: 4000013449158144, guid: 23aa63c44afac2143a765b4ae35fade4, type: 2}
      propertyPath: m_LocalRotation.x
      value: -0
      objectReference: {fileID: 0}
    - target: {fileID: 4000013449158144, guid: 23aa63c44afac2143a765b4ae35fade4, type: 2}
      propertyPath: m_LocalRotation.y
      value: -0
      objectReference: {fileID: 0}
    - target: {fileID: 4000013449158144, guid: 23aa63c44afac2143a765b4ae35fade4, type: 2}
      propertyPath: m_LocalRotation.z
      value: -0
      objectReference: {fileID: 0}
    - target: {fileID: 4000013449158144, guid: 23aa63c44afac2143a765b4ae35fade4, type: 2}
      propertyPath: m_LocalRotation.w
      value: 1
      objectReference: {fileID: 0}
    - target: {fileID: 4000013449158144, guid: 23aa63c44afac2143a765b4ae35fade4, type: 2}
      propertyPath: m_RootOrder
      value: 7
      objectReference: {fileID: 0}
    - target: {fileID: 1000013085559166, guid: 23aa63c44afac2143a765b4ae35fade4, type: 2}
      propertyPath: m_Name
      value: Normal
      objectReference: {fileID: 0}
    m_RemovedComponents: []
  m_ParentPrefab: {fileID: 100100000, guid: 23aa63c44afac2143a765b4ae35fade4, type: 2}
  m_IsPrefabParent: 0
--- !u!4 &1542180880 stripped
Transform:
  m_PrefabParentObject: {fileID: 4000013449158144, guid: 23aa63c44afac2143a765b4ae35fade4,
    type: 2}
  m_PrefabInternal: {fileID: 1542180879}
--- !u!1 &1657788938
GameObject:
  m_ObjectHideFlags: 0
  m_PrefabParentObject: {fileID: 1000013017131788, guid: 6655ef8495a4123418b1ceedd30cbf04,
    type: 2}
  m_PrefabInternal: {fileID: 0}
  serializedVersion: 4
  m_Component:
  - 224: {fileID: 1657788939}
  - 222: {fileID: 1657788941}
  - 114: {fileID: 1657788940}
  m_Layer: 5
  m_Name: Text
  m_TagString: Untagged
  m_Icon: {fileID: 0}
  m_NavMeshLayer: 0
  m_StaticEditorFlags: 0
  m_IsActive: 1
--- !u!224 &1657788939
RectTransform:
  m_ObjectHideFlags: 0
  m_PrefabParentObject: {fileID: 224000010355182040, guid: 6655ef8495a4123418b1ceedd30cbf04,
    type: 2}
  m_PrefabInternal: {fileID: 0}
  m_GameObject: {fileID: 1657788938}
  m_LocalRotation: {x: -0, y: -0, z: -0, w: 1}
  m_LocalPosition: {x: 0, y: 0, z: 0}
  m_LocalScale: {x: 1, y: 1, z: 1}
  m_LocalEulerAnglesHint: {x: 0, y: 0, z: 0}
  m_Children: []
  m_Father: {fileID: 857290742}
  m_RootOrder: 0
  m_AnchorMin: {x: 0.5, y: 0.5}
  m_AnchorMax: {x: 0.5, y: 0.5}
  m_AnchoredPosition: {x: 0, y: 0}
  m_SizeDelta: {x: 160, y: 30}
  m_Pivot: {x: 0.5, y: 0.5}
--- !u!114 &1657788940
MonoBehaviour:
  m_ObjectHideFlags: 0
  m_PrefabParentObject: {fileID: 114000010822543734, guid: 6655ef8495a4123418b1ceedd30cbf04,
    type: 2}
  m_PrefabInternal: {fileID: 0}
  m_GameObject: {fileID: 1657788938}
  m_Enabled: 1
  m_EditorHideFlags: 0
  m_Script: {fileID: 708705254, guid: f5f67c52d1564df4a8936ccd202a3bd8, type: 3}
  m_Name: 
  m_EditorClassIdentifier: 
  m_Material: {fileID: 0}
  m_Color: {r: 1, g: 1, b: 1, a: 1}
  m_RaycastTarget: 1
  m_OnCullStateChanged:
    m_PersistentCalls:
      m_Calls: []
    m_TypeName: UnityEngine.UI.MaskableGraphic+CullStateChangedEvent, UnityEngine.UI,
      Version=1.0.0.0, Culture=neutral, PublicKeyToken=null
  m_FontData:
    m_Font: {fileID: 10102, guid: 0000000000000000e000000000000000, type: 0}
    m_FontSize: 14
    m_FontStyle: 0
    m_BestFit: 0
    m_MinSize: 10
    m_MaxSize: 40
    m_Alignment: 4
    m_AlignByGeometry: 0
    m_RichText: 1
    m_HorizontalOverflow: 0
    m_VerticalOverflow: 0
    m_LineSpacing: 1
  m_Text: 0.5
--- !u!222 &1657788941
CanvasRenderer:
  m_ObjectHideFlags: 0
  m_PrefabParentObject: {fileID: 222000011842466318, guid: 6655ef8495a4123418b1ceedd30cbf04,
    type: 2}
  m_PrefabInternal: {fileID: 0}
  m_GameObject: {fileID: 1657788938}
--- !u!1 &1666618416
GameObject:
  m_ObjectHideFlags: 0
  m_PrefabParentObject: {fileID: 0}
  m_PrefabInternal: {fileID: 0}
  serializedVersion: 4
  m_Component:
  - 224: {fileID: 1666618417}
  - 222: {fileID: 1666618419}
  - 114: {fileID: 1666618418}
  m_Layer: 5
  m_Name: Tip_1
  m_TagString: Untagged
  m_Icon: {fileID: 0}
  m_NavMeshLayer: 0
  m_StaticEditorFlags: 0
  m_IsActive: 0
--- !u!224 &1666618417
RectTransform:
  m_ObjectHideFlags: 0
  m_PrefabParentObject: {fileID: 0}
  m_PrefabInternal: {fileID: 0}
  m_GameObject: {fileID: 1666618416}
  m_LocalRotation: {x: -0, y: -0, z: -0, w: 1}
  m_LocalPosition: {x: 0, y: 0, z: 0}
  m_LocalScale: {x: 0.945, y: 0.945, z: 1}
  m_LocalEulerAnglesHint: {x: 0, y: 0, z: 0}
  m_Children:
  - {fileID: 709718372}
  m_Father: {fileID: 1489864278}
  m_RootOrder: 0
  m_AnchorMin: {x: 0.5, y: 0.5}
  m_AnchorMax: {x: 0.5, y: 0.5}
  m_AnchoredPosition: {x: 29, y: -364.9}
  m_SizeDelta: {x: 160, y: 100}
  m_Pivot: {x: 0.5, y: 0.5}
--- !u!114 &1666618418
MonoBehaviour:
  m_ObjectHideFlags: 0
  m_PrefabParentObject: {fileID: 0}
  m_PrefabInternal: {fileID: 0}
  m_GameObject: {fileID: 1666618416}
  m_Enabled: 1
  m_EditorHideFlags: 0
  m_Script: {fileID: -765806418, guid: f5f67c52d1564df4a8936ccd202a3bd8, type: 3}
  m_Name: 
  m_EditorClassIdentifier: 
  m_Material: {fileID: 0}
  m_Color: {r: 1, g: 1, b: 1, a: 1}
  m_RaycastTarget: 0
  m_OnCullStateChanged:
    m_PersistentCalls:
      m_Calls: []
    m_TypeName: UnityEngine.UI.MaskableGraphic+CullStateChangedEvent, UnityEngine.UI,
      Version=1.0.0.0, Culture=neutral, PublicKeyToken=null
  m_Sprite: {fileID: 21300000, guid: fb930dca5d6393a43832ccc7cdd5b6d0, type: 3}
  m_Type: 0
  m_PreserveAspect: 0
  m_FillCenter: 1
  m_FillMethod: 4
  m_FillAmount: 1
  m_FillClockwise: 1
  m_FillOrigin: 0
--- !u!222 &1666618419
CanvasRenderer:
  m_ObjectHideFlags: 0
  m_PrefabParentObject: {fileID: 0}
  m_PrefabInternal: {fileID: 0}
  m_GameObject: {fileID: 1666618416}
--- !u!1 &1760940027
GameObject:
  m_ObjectHideFlags: 0
  m_PrefabParentObject: {fileID: 1000013251478718, guid: 6655ef8495a4123418b1ceedd30cbf04,
    type: 2}
  m_PrefabInternal: {fileID: 0}
  serializedVersion: 4
  m_Component:
  - 224: {fileID: 1760940031}
  - 223: {fileID: 1760940030}
  - 114: {fileID: 1760940029}
  - 114: {fileID: 1760940028}
  m_Layer: 5
  m_Name: GUI
  m_TagString: Untagged
  m_Icon: {fileID: 0}
  m_NavMeshLayer: 0
  m_StaticEditorFlags: 0
  m_IsActive: 1
--- !u!114 &1760940028
MonoBehaviour:
  m_ObjectHideFlags: 0
  m_PrefabParentObject: {fileID: 114000011744046018, guid: 6655ef8495a4123418b1ceedd30cbf04,
    type: 2}
  m_PrefabInternal: {fileID: 0}
  m_GameObject: {fileID: 1760940027}
  m_Enabled: 1
  m_EditorHideFlags: 0
  m_Script: {fileID: 1301386320, guid: f5f67c52d1564df4a8936ccd202a3bd8, type: 3}
  m_Name: 
  m_EditorClassIdentifier: 
  m_IgnoreReversedGraphics: 1
  m_BlockingObjects: 0
  m_BlockingMask:
    serializedVersion: 2
    m_Bits: 4294967295
--- !u!114 &1760940029
MonoBehaviour:
  m_ObjectHideFlags: 0
  m_PrefabParentObject: {fileID: 114000012656293610, guid: 6655ef8495a4123418b1ceedd30cbf04,
    type: 2}
  m_PrefabInternal: {fileID: 0}
  m_GameObject: {fileID: 1760940027}
  m_Enabled: 1
  m_EditorHideFlags: 0
  m_Script: {fileID: 1980459831, guid: f5f67c52d1564df4a8936ccd202a3bd8, type: 3}
  m_Name: 
  m_EditorClassIdentifier: 
  m_UiScaleMode: 1
  m_ReferencePixelsPerUnit: 100
  m_ScaleFactor: 1
  m_ReferenceResolution: {x: 800, y: 600}
  m_ScreenMatchMode: 0
  m_MatchWidthOrHeight: 0
  m_PhysicalUnit: 3
  m_FallbackScreenDPI: 96
  m_DefaultSpriteDPI: 96
  m_DynamicPixelsPerUnit: 1
--- !u!223 &1760940030
Canvas:
  m_ObjectHideFlags: 0
  m_PrefabParentObject: {fileID: 223000010570383984, guid: 6655ef8495a4123418b1ceedd30cbf04,
    type: 2}
  m_PrefabInternal: {fileID: 0}
  m_GameObject: {fileID: 1760940027}
  m_Enabled: 1
  serializedVersion: 2
  m_RenderMode: 0
  m_Camera: {fileID: 0}
  m_PlaneDistance: 100
  m_PixelPerfect: 0
  m_ReceivesEvents: 1
  m_OverrideSorting: 0
  m_OverridePixelPerfect: 0
  m_SortingBucketNormalizedSize: 0
  m_SortingLayerID: 0
  m_SortingOrder: 0
  m_TargetDisplay: 0
--- !u!224 &1760940031
RectTransform:
  m_ObjectHideFlags: 0
  m_PrefabParentObject: {fileID: 224000011498254670, guid: 6655ef8495a4123418b1ceedd30cbf04,
    type: 2}
  m_PrefabInternal: {fileID: 0}
  m_GameObject: {fileID: 1760940027}
  m_LocalRotation: {x: 0, y: 0, z: 0, w: 1}
  m_LocalPosition: {x: 0, y: 0, z: 0}
  m_LocalScale: {x: 0, y: 0, z: 0}
  m_LocalEulerAnglesHint: {x: 0, y: 0, z: 0}
  m_Children:
  - {fileID: 634233593}
  - {fileID: 636690200}
  - {fileID: 1489864278}
  m_Father: {fileID: 0}
  m_RootOrder: 3
  m_AnchorMin: {x: 0, y: 0}
  m_AnchorMax: {x: 0, y: 0}
  m_AnchoredPosition: {x: 0, y: 0}
  m_SizeDelta: {x: 0, y: 0}
  m_Pivot: {x: 0, y: 0}
--- !u!1001 &1780928117
Prefab:
  m_ObjectHideFlags: 0
  serializedVersion: 2
  m_Modification:
    m_TransformParent: {fileID: 334026899}
    m_Modifications:
    - target: {fileID: 4000013449158144, guid: 23aa63c44afac2143a765b4ae35fade4, type: 2}
      propertyPath: m_LocalPosition.x
      value: 4
      objectReference: {fileID: 0}
    - target: {fileID: 4000013449158144, guid: 23aa63c44afac2143a765b4ae35fade4, type: 2}
      propertyPath: m_LocalPosition.y
      value: 0
      objectReference: {fileID: 0}
    - target: {fileID: 4000013449158144, guid: 23aa63c44afac2143a765b4ae35fade4, type: 2}
      propertyPath: m_LocalPosition.z
      value: 3
      objectReference: {fileID: 0}
    - target: {fileID: 4000013449158144, guid: 23aa63c44afac2143a765b4ae35fade4, type: 2}
      propertyPath: m_LocalRotation.x
      value: -0
      objectReference: {fileID: 0}
    - target: {fileID: 4000013449158144, guid: 23aa63c44afac2143a765b4ae35fade4, type: 2}
      propertyPath: m_LocalRotation.y
      value: -0
      objectReference: {fileID: 0}
    - target: {fileID: 4000013449158144, guid: 23aa63c44afac2143a765b4ae35fade4, type: 2}
      propertyPath: m_LocalRotation.z
      value: -0
      objectReference: {fileID: 0}
    - target: {fileID: 4000013449158144, guid: 23aa63c44afac2143a765b4ae35fade4, type: 2}
      propertyPath: m_LocalRotation.w
      value: 1
      objectReference: {fileID: 0}
    - target: {fileID: 4000013449158144, guid: 23aa63c44afac2143a765b4ae35fade4, type: 2}
      propertyPath: m_RootOrder
      value: 6
      objectReference: {fileID: 0}
    - target: {fileID: 1000013085559166, guid: 23aa63c44afac2143a765b4ae35fade4, type: 2}
      propertyPath: m_Name
      value: Normal
      objectReference: {fileID: 0}
    m_RemovedComponents: []
  m_ParentPrefab: {fileID: 100100000, guid: 23aa63c44afac2143a765b4ae35fade4, type: 2}
  m_IsPrefabParent: 0
--- !u!4 &1780928118 stripped
Transform:
  m_PrefabParentObject: {fileID: 4000013449158144, guid: 23aa63c44afac2143a765b4ae35fade4,
    type: 2}
  m_PrefabInternal: {fileID: 1780928117}
--- !u!1 &1843858883
GameObject:
  m_ObjectHideFlags: 0
  m_PrefabParentObject: {fileID: 1000011618152320, guid: 6655ef8495a4123418b1ceedd30cbf04,
    type: 2}
  m_PrefabInternal: {fileID: 0}
  serializedVersion: 4
  m_Component:
  - 224: {fileID: 1843858884}
  - 222: {fileID: 1843858886}
  - 114: {fileID: 1843858885}
  m_Layer: 5
  m_Name: Text
  m_TagString: Untagged
  m_Icon: {fileID: 0}
  m_NavMeshLayer: 0
  m_StaticEditorFlags: 0
  m_IsActive: 1
--- !u!224 &1843858884
RectTransform:
  m_ObjectHideFlags: 0
  m_PrefabParentObject: {fileID: 224000012237001038, guid: 6655ef8495a4123418b1ceedd30cbf04,
    type: 2}
  m_PrefabInternal: {fileID: 0}
  m_GameObject: {fileID: 1843858883}
  m_LocalRotation: {x: -0, y: -0, z: -0, w: 1}
  m_LocalPosition: {x: 0, y: 0, z: 0}
  m_LocalScale: {x: 1, y: 1, z: 1}
  m_LocalEulerAnglesHint: {x: 0, y: 0, z: 0}
  m_Children: []
  m_Father: {fileID: 1347529936}
  m_RootOrder: 0
  m_AnchorMin: {x: 0.5, y: 0.5}
  m_AnchorMax: {x: 0.5, y: 0.5}
  m_AnchoredPosition: {x: 0, y: 0}
  m_SizeDelta: {x: 160, y: 30}
  m_Pivot: {x: 0.5, y: 0.5}
--- !u!114 &1843858885
MonoBehaviour:
  m_ObjectHideFlags: 0
  m_PrefabParentObject: {fileID: 114000010785307358, guid: 6655ef8495a4123418b1ceedd30cbf04,
    type: 2}
  m_PrefabInternal: {fileID: 0}
  m_GameObject: {fileID: 1843858883}
  m_Enabled: 1
  m_EditorHideFlags: 0
  m_Script: {fileID: 708705254, guid: f5f67c52d1564df4a8936ccd202a3bd8, type: 3}
  m_Name: 
  m_EditorClassIdentifier: 
  m_Material: {fileID: 0}
  m_Color: {r: 1, g: 1, b: 1, a: 1}
  m_RaycastTarget: 1
  m_OnCullStateChanged:
    m_PersistentCalls:
      m_Calls: []
    m_TypeName: UnityEngine.UI.MaskableGraphic+CullStateChangedEvent, UnityEngine.UI,
      Version=1.0.0.0, Culture=neutral, PublicKeyToken=null
  m_FontData:
    m_Font: {fileID: 10102, guid: 0000000000000000e000000000000000, type: 0}
    m_FontSize: 14
    m_FontStyle: 0
    m_BestFit: 0
    m_MinSize: 10
    m_MaxSize: 40
    m_Alignment: 4
    m_AlignByGeometry: 0
    m_RichText: 1
    m_HorizontalOverflow: 0
    m_VerticalOverflow: 0
    m_LineSpacing: 1
  m_Text: 0.5
--- !u!222 &1843858886
CanvasRenderer:
  m_ObjectHideFlags: 0
  m_PrefabParentObject: {fileID: 222000012369738054, guid: 6655ef8495a4123418b1ceedd30cbf04,
    type: 2}
  m_PrefabInternal: {fileID: 0}
  m_GameObject: {fileID: 1843858883}
--- !u!4 &1892193825 stripped
Transform:
  m_PrefabParentObject: {fileID: 4000013449158144, guid: 23aa63c44afac2143a765b4ae35fade4,
    type: 2}
  m_PrefabInternal: {fileID: 948514708}
--- !u!1 &2058712656
GameObject:
  m_ObjectHideFlags: 0
  m_PrefabParentObject: {fileID: 1000011684985642, guid: 6655ef8495a4123418b1ceedd30cbf04,
    type: 2}
  m_PrefabInternal: {fileID: 0}
  serializedVersion: 4
  m_Component:
  - 224: {fileID: 2058712658}
  - 222: {fileID: 2058712657}
  - 114: {fileID: 758323736}
  m_Layer: 5
  m_Name: Text
  m_TagString: Untagged
  m_Icon: {fileID: 0}
  m_NavMeshLayer: 0
  m_StaticEditorFlags: 0
  m_IsActive: 1
--- !u!222 &2058712657
CanvasRenderer:
  m_ObjectHideFlags: 0
  m_PrefabParentObject: {fileID: 222000012220157168, guid: 6655ef8495a4123418b1ceedd30cbf04,
    type: 2}
  m_PrefabInternal: {fileID: 0}
  m_GameObject: {fileID: 2058712656}
--- !u!224 &2058712658
RectTransform:
  m_ObjectHideFlags: 0
  m_PrefabParentObject: {fileID: 224000013412685396, guid: 6655ef8495a4123418b1ceedd30cbf04,
    type: 2}
  m_PrefabInternal: {fileID: 0}
  m_GameObject: {fileID: 2058712656}
  m_LocalRotation: {x: 0, y: 0, z: 0, w: 1}
  m_LocalPosition: {x: 0, y: 0, z: 0}
  m_LocalScale: {x: 1, y: 1, z: 1}
  m_LocalEulerAnglesHint: {x: 0, y: 0, z: 0}
  m_Children: []
  m_Father: {fileID: 961425490}
  m_RootOrder: 0
  m_AnchorMin: {x: 0, y: 0}
  m_AnchorMax: {x: 1, y: 1}
  m_AnchoredPosition: {x: 0, y: 0}
  m_SizeDelta: {x: 0, y: 0}
  m_Pivot: {x: 0.5, y: 0.5}
--- !u!4 &2085649698 stripped
Transform:
  m_PrefabParentObject: {fileID: 4000013449158144, guid: 23aa63c44afac2143a765b4ae35fade4,
    type: 2}
  m_PrefabInternal: {fileID: 1049294831}
